2672 4682
92 303 104 323 ²
191 313 235 362 ro
405 286 667 368 C.‚Cn1sr1
698 285 1001 364 Sunnvsrrr

177 481 320 536 ‘morem
350 459 537 561 majorum,
573 455 746 534 luxuriose
774 456 947 556 nimisque
981 457 1168 536 liberaliter

184 583 364 656 habuerat.
392 581 395 588 ’
415 587 515 658 Loca
532 599 685 671 amoena,
706 579 907 677 voluptaria
920 579 1020 654 facile
1038 579 1074 654 in
1092 579 1167 656 otio

185 702 306 778 ferocis
324 703 475 778 militurn
495 701 628 776 animos
645 703 880 778 molliverant.
936 700 990 778 Ibi
1009 701 1164 800 primurn

184 824 332 900 insuevit
349 824 519 900 exercitus
538 824 659 921 populi
679 821 835 898 Romani
853 845 982 912 amare,
1020 841 1163 920 potare;

187 949 295 1044 signa,
332 947 464 1020 tabulas
500 944 623 1042 pisias,
661 943 739 1018 vasa
772 946 892 1018 caelata
926 942 1077 1030 mirari3
1126 969 1167 1028 ea

154 1059 348 1165 ¹privatim
384 1092 423 1140 ac
461 1065 604 1162 publice.
635 1090 776 1164 rapere;
811 1065 958 1140 delubra
986 1062 1132 1161 spoliare
1144 1093 1163 1152 ἰς

186 1187 278 1264 sacra
296 1186 512 1286 profanaque
528 1186 647 1262 omnia
665 1187 829 1284 polluere.
880 1185 992 1283 Igitur
1026 1185 1062 1260 hi
1097 1185 1164 1260 rni-

185 1309 275 1398 lites,
296 1307 478 1406 postquam
497 1306 680 1380 vitroriarn
713 1307 830 1403 adepti
857 1305 949 1397 sunt,
975 1305 1063 1380 nihil
1086 1308 1164 1384 reli„

185 1427 246 1526 qui
263 1427 362 1502 viciis
379 1427 501 1504 fecere.
551 1427 697 1525 Qrippe
709 1425 870 1502 secundae
888 1453 940 1501 res
958 1427 1165 1524 sapientium

184 1549 318 1622 animos
335 1548 482 1648 fatigant
499 1577 507 1622 :
529 1575 573 1622 ne
585 1547 635 1624 illi
652 1547 821 1646 corruptis
838 1548 993 1622 moribus
1011 1549 1164 1626 vietoriae

185 1689 426 1766 temperarent.

234 1794 317 1866 Xll.
352 1793 575 1878 Posi-Qun
603 1790 732 1866 divitiae
759 1789 885 1862 honori
913 1791 980 1864 elle
1010 1817 1162 1890 coepere,

186 1917 219 1986 ὅτ
254 1939 309 1986 eas
340 1911 465 2010 gloria,
501 1912 704 2009 imperium,
739 1912 892 2010 potentia
926 1909 1161 2008 sequebatur:

185 2031 367 2108 hebescere
391 2033 514 2122 virtus,
548 2053 731 2130 paupertas
750 2036 880 2129 probro
898 2033 1029 2123 haberi,
1064 2034 1165 2109 inno·

185 2153 297 2228 centia
323 2180 388 2252 pro
422 2153 659 2228 malivolentia
693 2153 775 2226 duci
811 2153 929 2250 coepit.
980 2154 1092 2250 Igitur
1119 2181 1164 2233 ex

184 2273 315 2350 divitiis
325 2273 548 2374 juventutem
567 2272 703 2348 luxuria
721 2293 826 2370 atque
843 2271 996 2363 avaritia,
1010 2300 1092 2348 cum
1109 2276 1164 2350 su-

80 2415 86 2430 ·
148 2469 154 2479 ,
185 2395 304 2495 perbia
323 2393 502 2471 invasere:
528 2420 662 2491 rapere,
693 2392 920 2479 consumere3
965 2393 1024 2468 sua
1065 2396 1164 2491 parvi

184 2519 349 2616 pendere,
379 2515 490 2592 aliena
523 2541 675 2614 cupere3
713 2515 897 2611 pudorem,
940 2514 1162 2613 pudicitiam,

183 2639 304 2714 divina
321 2660 425 2737 atque
441 2640 593 2712 humana
611 2634 818 2734 promiscua,
843 2635 932 2714 nihil
948 2641 1041 2734 pensi
1059 2657 1165 2736 atque

183 2759 353 2836 moderati
371 2761 508 2834 babere.
558 2761 683 2856 Operae
718 2756 868 2853 pretium
898 2758 958 2848 est,
989 2785 1072 2832 cum
1099 2760 1164 2832 do-

183 2908 260 2980 mos
283 2902 387 2978 atque
414 2877 514 2954 villas
542 2877 747 2976 cognoveris
776 2877 812 2950 in
838 2878 981 2956 urbium
1014 2882 1163 2958 modum

183 2995 427 3090 exaedificatas,
459 2997 566 3074 visere
593 3001 725 3096 templa
757 3001 918 3090 deorum,
939 2983 1029 3099 quae
1056 3001 1163 3078 nostri

160 3111 345 3223 majores,
382 3119 633 3220 religiosissumi
662 3122 826 3194 mortales
859 3119 979 3194 fecere.
1030 3125 1163 3198 Verum

183 3245 233 3318 illi
260 3245 404 3318 delubra
421 3245 569 3318 deorum
586 3240 727 3339 pietate,
757 3244 883 3316 domos
901 3241 959 3316 sua
976 3243 1084 3341 gloria
1101 3245 1162 3316 de-

183 3368 373 3450 corabant3
400 3389 515 3461 neque
532 3361 631 3436 victis
649 3362 844 3461 quidquam
873 3382 998 3459 praeter
1027 3361 1162 3460 injuriae
1222 3406 1229 3414 e

119 3525 121 3529 ·
182 3485 356 3561 licentiam
382 3485 583 3582 eripiebant.
610 3489 686 3558 'At
716 3483 752 3556 hi
787 3503 907 3557 contra
939 3483 1163 3582 ignavissumi

182 3606 354 3698 homines,
386 3631 446 3704 per
477 3604 654 3680 summurn
683 3603 806 3694 scelus,
842 3603 961 3678 omnia
994 3629 1034 3678 ea
1066 3603 1164 3685 sociis

182 3727 348 3820 adimere,
369 3753 448 3830 quae
466 3723 653 3806 fortissumi
671 3722 737 3802 viri
760 3723 909 3800 vidores
927 3724 1163 3828 reliquerant:
