2668 4698
168 378 174 384 ’
291 367 388 492 κΙιτ
438 368 820 442 Svnnrusrrunt.
1043 387 1112 466 275

94 591 98 596 -
122 541 275 616 demum
292 539 485 630 maledicit,
505 538 566 638 qui
585 564 657 612 non
675 537 785 638 potest
802 561 928 612 verum
944 541 989 612 ab
1005 540 1114 613 altero

123 661 257 737 audire.
317 661 384 734 Sed
401 681 440 732 tu
457 659 620 732 omnium
639 658 836 733 mensarum
853 657 1006 748 adseclae
1036 685 1113 734 otn-

123 783 225 857 nium
244 781 490 856 cubiculorum
506 779 543 853 in
560 801 660 854 aetate
679 781 811 878 pellex,
832 780 979 854 &idem
998 779 1115 877 postea

123 906 276 993 adulter,
291 901 406 976 omnis
423 893 552 978 ordinis
569 901 751 999 turpitudo
768 928 818 992 es,
845 908 878 976 δε
903 901 1014 975 civilis
1032 900 1116 974 belli

125 1015 309 1100 meritoria.
360 1021 459 1121 Qud
477 1021 571 1096 enirn
588 1023 657 1096 hoc
676 1021 817 1122 gravius
835 1022 906 1120 pati
919 1021 1114 1119 potuimus,

126 1131 235 1245 quani
254 1146 354 1242 quod
382 1164 417 1216 te
437 1143 655 1218 incolumem
681 1144 717 1217 in
746 1144 815 1216 hoc
842 1143 966 1216 ordine
996 1142 1115 1224 videa-

125 1269 234 1342 mus?
263 1267 390 1340 Desine
413 1266 526 1338 bonos
543 1263 814 1362 petulantiffima
829 1261 1016 1358 consectari
1048 1264 1116 1338 lin.
1223 1353 1237 1367 ι.

127 1412 223 1488 gua:
250 1388 365 1460 desine
392 1387 519 1458 morbo
553 1386 772 1484 procacitatis
794 1386 863 1460 isto
891 1387 966 1460 uti:
1000 1389 1116 1460 desine

126 1533 421 1606 unumquemque
449 1495 605 1596 moribui
622 1508 689 1582 tuis
705 1509 897 1584 aestirnare:
929 1508 982 1584 his
1006 1508 1116 1583 mori-

129 1634 197 1710 bus
213 1628 370 1704 amicum
398 1627 463 1702 tibi
490 1625 600 1702 facere
629 1656 701 1703 non
729 1649 841 1728 potes,
871 1629 1000 1705 videris
1024 1630 1118 1703 velle

130 1751 316 1826 inimicum
342 1752 481 1825 habere.
545 1750 673 1826 Finem
696 1749 836 1840 dicendi
865 1749 991 1824 faciam
1019 1753 1060 1823 P.
1072 1751 1116 1824 C.
1160 1820 1162 1826 .

129 1874 230 1970 Saepe
254 1859 349 1945 enim
373 1871 448 1945 vidi
465 1871 606 1970 gravius
624 1873 804 1945 offendere
821 1871 956 1945 animos
980 1872 1118 1977 audito·
1198 1959 1200 1968 y

130 2021 211 2070 rum
229 2019 301 2084 eos,
320 1993 383 2093 qui
398 1993 509 2067 aliena
525 1993 659 2093 flagitia
675 2014 790 2091 aperte
807 1993 984 2084 dixerunt,
1009 2019 1117 2092 quant

131 2143 206 2206 eos,
233 2117 293 2214 qui
318 2114 575 2190 commiserunt.
637 2113 733 2220 Mihi
759 2113 905 2213 quidem
938 2114 1026 2188 ratio
1054 2117 1117 2189 ha·
1147 2111 1151 2126 ’
1180 2117 1181 2120 ’

132 2231 252 2313 benda
277 2237 338 2328 est,
388 2261 461 2310 non
502 2237 590 2335 quid
623 2235 801 2310 Sallustius
834 2235 959 2314 merito
990 2236 1119 2310 debeat

131 2357 266 2451 audire,
292 2357 352 2433 sed
368 2378 407 2432 ut
425 2357 613 2450 codicem,
639 2362 663 2433 fi
688 2384 758 2458 qua
775 2383 843 2457 ego
862 2357 1006 2434 honeste
1021 2358 1118 2434 effati

133 2483 284 2582 possum.
620 2482 625 2486 ’
