<?xml version="1.0" encoding="UTF-8"?>
<!DOCTYPE html PUBLIC "-//W3C//DTD XHTML 1.0 Transitional//EN"
    "http://www.w3.org/TR/xhtml1/DTD/xhtml1-transitional.dtd">
<html xmlns="http://www.w3.org/1999/xhtml" xml:lang="en" lang="en">
 <head>
  <title>
</title>
<meta http-equiv="Content-Type" content="text/html;charset=utf-8" />
  <meta name='ocr-system' content='tesseract 3.04.00' />
  <meta name='ocr-capabilities' content='ocr_page ocr_carea ocr_par ocr_line ocrx_word'/>
</head>
<body>
  <div class='ocr_page' id='page_1' title='image "./caiicrispisallu00sallgoog_0269.png"; bbox 0 0 2664 4692; ppageno 0'>
   <div class='ocr_carea' id='block_1_1' title="bbox 280 382 1086 470">
    <p class='ocr_par' dir='ltr' id='par_1_1' title="bbox 280 382 1086 470">
     <span class='ocr_line' id='line_1_1' title="bbox 280 382 1086 470; baseline 0.006 -14"><span class='ocrx_word' id='word_1_1' title='bbox 280 383 342 456; x_wconf 78' lang='lat' dir='ltr'>De</span> <span class='ocrx_word' id='word_1_2' title='bbox 370 382 763 470; x_wconf 71' lang='lat' dir='ltr'>Rer.0rnrrrA1i1&gt;A.</span> <span class='ocrx_word' id='word_1_3' title='bbox 791 385 917 460; x_wconf 53' lang='lat' dir='ltr'>Ean.</span> <span class='ocrx_word' id='word_1_4' title='bbox 1020 389 1086 462; x_wconf 86' lang='lat'>261</span> 
     </span>
    </p>
   </div>
   <div class='ocr_carea' id='block_1_2' title="bbox 101 565 1127 2000">
    <p class='ocr_par' dir='ltr' id='par_1_2' title="bbox 101 565 1090 1150">
     <span class='ocr_line' id='line_1_2' title="bbox 102 565 1089 667; baseline 0.008 -29"><span class='ocrx_word' id='word_1_5' title='bbox 102 565 272 653; x_wconf 86' lang='lat' dir='ltr'>divitias;</span> <span class='ocrx_word' id='word_1_6' title='bbox 300 568 475 664; x_wconf 86' lang='lat' dir='ltr'>postremo</span> <span class='ocrx_word' id='word_1_7' title='bbox 491 569 611 644; x_wconf 83' lang='lat' dir='ltr'>omnia</span> <span class='ocrx_word' id='word_1_8' title='bbox 637 569 902 644; x_wconf 84' lang='lat' dir='ltr'>honestamenta</span> <span class='ocrx_word' id='word_1_9' title='bbox 918 570 1027 667; x_wconf 84' lang='lat' dir='ltr'>pacis,</span> <span class='ocrx_word' id='word_1_10' title='bbox 1054 577 1089 646; x_wconf 77' lang='grc' dir='ltr'>ὅτ</span> 
     </span>
     <span class='ocr_line' id='line_1_3' title="bbox 103 687 1090 788; baseline 0.005 -26"><span class='ocrx_word' id='word_1_11' title='bbox 103 687 250 785; x_wconf 83' lang='lat' dir='ltr'>praemia</span> <span class='ocrx_word' id='word_1_12' title='bbox 266 687 362 763; x_wconf 88' lang='lat' dir='ltr'>belli.</span> <span class='ocrx_word' id='word_1_13' title='bbox 413 692 482 762; x_wconf 89' lang='lat' dir='ltr'>Pro</span> <span class='ocrx_word' id='word_1_14' title='bbox 498 689 551 764; x_wconf 92' lang='lat' dir='ltr'>his</span> <span class='ocrx_word' id='word_1_15' title='bbox 569 690 797 788; x_wconf 67' lang='lat' dir='ltr'>amplissumis</span> <span class='ocrx_word' id='word_1_16' title='bbox 815 690 995 764; x_wconf 85' lang='lat' dir='ltr'>beneficiis</span> <span class='ocrx_word' id='word_1_17' title='bbox 1019 719 1090 767; x_wconf 91' lang='lat' dir='ltr'>non</span> 
     </span>
     <span class='ocr_line' id='line_1_4' title="bbox 103 807 1087 909; baseline 0.006 -30"><span class='ocrx_word' id='word_1_18' title='bbox 103 807 280 906; x_wconf 87' lang='lat' dir='ltr'>flagitium</span> <span class='ocrx_word' id='word_1_19' title='bbox 310 835 330 881; x_wconf 82' lang='lat' dir='ltr'>a</span> <span class='ocrx_word' id='word_1_20' title='bbox 358 829 405 900; x_wconf 89' lang='lat' dir='ltr'>te,</span> <span class='ocrx_word' id='word_1_21' title='bbox 433 837 549 908; x_wconf 85' lang='lat' dir='ltr'>neque</span> <span class='ocrx_word' id='word_1_22' title='bbox 578 814 711 884; x_wconf 84' lang='lat' dir='ltr'>malurn</span> <span class='ocrx_word' id='word_1_23' title='bbox 736 810 885 901; x_wconf 79' lang='lat' dir='ltr'>facinus,</span> <span class='ocrx_word' id='word_1_24' title='bbox 914 811 1087 909; x_wconf 84' lang='lat' dir='ltr'>petimus3</span> 
     </span>
     <span class='ocr_line' id='line_1_5' title="bbox 101 929 1088 1030; baseline 0.002 -28"><span class='ocrx_word' id='word_1_25' title='bbox 101 929 162 1002; x_wconf 89' lang='lat' dir='ltr'>sed</span> <span class='ocrx_word' id='word_1_26' title='bbox 180 929 232 1001; x_wconf 88' lang='lat' dir='ltr'>uti</span> <span class='ocrx_word' id='word_1_27' title='bbox 248 929 443 1003; x_wconf 75' lang='lat' dir='ltr'>libertatem</span> <span class='ocrx_word' id='word_1_28' title='bbox 469 930 620 1004; x_wconf 83' lang='lat' dir='ltr'>eversam</span> <span class='ocrx_word' id='word_1_29' title='bbox 637 931 802 1005; x_wconf 85' lang='lat' dir='ltr'>restituas.</span> <span class='ocrx_word' id='word_1_30' title='bbox 833 935 935 1030; x_wconf 47' lang='lat' dir='ltr'>*Qa</span> <span class='ocrx_word' id='word_1_31' title='bbox 961 958 999 1005; x_wconf 91' lang='lat' dir='ltr'>re</span> <span class='ocrx_word' id='word_1_32' title='bbox 1027 958 1088 1030; x_wconf 82' lang='lat' dir='ltr'>pa-</span> 
     </span>
     <span class='ocr_line' id='line_1_6' title="bbox 103 1049 1089 1150; baseline 0.005 -30"><span class='ocrx_word' id='word_1_33' title='bbox 103 1069 207 1141; x_wconf 85' lang='lat' dir='ltr'>trata,</span> <span class='ocrx_word' id='word_1_34' title='bbox 234 1049 395 1148; x_wconf 64' lang='lat' dir='ltr'>profesio=</span> <span class='ocrx_word' id='word_1_35' title='bbox 425 1077 486 1148; x_wconf 90' lang='lat' dir='ltr'>per</span> <span class='ocrx_word' id='word_1_36' title='bbox 519 1072 640 1150; x_wconf 82' lang='lat' dir='ltr'>gentes</span> <span class='ocrx_word' id='word_1_37' title='bbox 662 1079 785 1126; x_wconf 90' lang='lat' dir='ltr'>omnes</span> <span class='ocrx_word' id='word_1_38' title='bbox 817 1050 913 1125; x_wconf 82' lang='lat' dir='ltr'>fama</span> <span class='ocrx_word' id='word_1_39' title='bbox 952 1052 1089 1126; x_wconf 89' lang='lat' dir='ltr'>virtutis</span> 
     </span>
    </p>

    <p class='ocr_par' dir='ltr' id='par_1_3' title="bbox 101 1155 1127 2000">
     <span class='ocr_line' id='line_1_7' title="bbox 103 1155 1127 1297; baseline 0.005 -55"><span class='ocrx_word' id='word_1_40' title='bbox 103 1189 174 1244; x_wconf 87' lang='lat' dir='ltr'>tuae</span> <span class='ocrx_word' id='word_1_41' title='bbox 203 1171 373 1283; x_wconf 61' lang='lat' dir='ltr'>volitpbit.</span> <span class='ocrx_word' id='word_1_42' title='bbox 423 1175 590 1270; x_wconf 82' lang='lat' dir='ltr'><strong>Namque</strong></span> <span class='ocrx_word' id='word_1_43' title='bbox 624 1175 690 1246; x_wconf 86' lang='lat' dir='ltr'>hac</span> <span class='ocrx_word' id='word_1_44' title='bbox 710 1173 928 1270; x_wconf 85' lang='lat' dir='ltr'>tempestate,</span> <span class='ocrx_word' id='word_1_45' title='bbox 955 1165 1088 1297; x_wconf 69' lang='lat' dir='ltr'>tarpetfi</span> <span class='ocrx_word' id='word_1_46' title='bbox 1125 1155 1127 1162; x_wconf 38' lang='lat'>⁵</span> 
     </span>
     <span class='ocr_line' id='line_1_8' title="bbox 103 1292 1089 1391; baseline 0.003 -26"><span class='ocrx_word' id='word_1_47' title='bbox 103 1292 205 1366; x_wconf 92' lang='lat' dir='ltr'>domi</span> <span class='ocrx_word' id='word_1_48' title='bbox 228 1292 432 1391; x_wconf 87' lang='lat' dir='ltr'>militiaeque</span> <span class='ocrx_word' id='word_1_49' title='bbox 456 1296 622 1391; x_wconf 81' lang='lat' dir='ltr'>praeclara</span> <span class='ocrx_word' id='word_1_50' title='bbox 650 1292 806 1366; x_wconf 84' lang='lat' dir='ltr'>facinora</span> <span class='ocrx_word' id='word_1_51' title='bbox 830 1293 944 1391; x_wconf 84' lang='lat' dir='ltr'>egisti,</span> <span class='ocrx_word' id='word_1_52' title='bbox 970 1313 1089 1368; x_wconf 84' lang='lat' dir='ltr'>tamen</span> 
     </span>
     <span class='ocr_line' id='line_1_9' title="bbox 105 1410 1086 1511; baseline 0.002 -26"><span class='ocrx_word' id='word_1_53' title='bbox 105 1413 218 1511; x_wconf 85' lang='lat' dir='ltr'>gloria</span> <span class='ocrx_word' id='word_1_54' title='bbox 240 1433 299 1486; x_wconf 86' lang='lat' dir='ltr'>tua</span> <span class='ocrx_word' id='word_1_55' title='bbox 322 1440 406 1487; x_wconf 90' lang='lat' dir='ltr'>cum</span> <span class='ocrx_word' id='word_1_56' title='bbox 428 1414 547 1487; x_wconf 86' lang='lat' dir='ltr'>multis</span> <span class='ocrx_word' id='word_1_57' title='bbox 572 1414 650 1486; x_wconf 90' lang='lat' dir='ltr'>viris</span> <span class='ocrx_word' id='word_1_58' title='bbox 673 1410 821 1486; x_wconf 81' lang='lat' dir='ltr'>fortibus</span> <span class='ocrx_word' id='word_1_59' title='bbox 847 1415 989 1510; x_wconf 85' lang='lat' dir='ltr'>aequalis</span> <span class='ocrx_word' id='word_1_60' title='bbox 1012 1414 1086 1487; x_wconf 86' lang='lat' dir='ltr'>est:</span> 
     </span>
     <span class='ocr_line' id='line_1_10' title="bbox 103 1535 1102 1632; baseline -0.002 -22"><span class='ocrx_word' id='word_1_61' title='bbox 103 1540 127 1610; x_wconf 83' lang='lat' dir='ltr'>sr</span> <span class='ocrx_word' id='word_1_62' title='bbox 158 1561 241 1609; x_wconf 89' lang='lat' dir='ltr'>vero</span> <span class='ocrx_word' id='word_1_63' title='bbox 264 1537 390 1608; x_wconf 86' lang='lat' dir='ltr'>urbem</span> <span class='ocrx_word' id='word_1_64' title='bbox 414 1536 636 1632; x_wconf 79' lang='lat' dir='ltr'>amplissumo</span> <span class='ocrx_word' id='word_1_65' title='bbox 666 1535 821 1623; x_wconf 87' lang='lat' dir='ltr'>nomine,</span> <span class='ocrx_word' id='word_1_66' title='bbox 856 1537 889 1607; x_wconf 71' lang='grc' dir='ltr'>δι</span> <span class='ocrx_word' id='word_1_67' title='bbox 916 1560 1102 1608; x_wconf 72' lang='lat' dir='ltr'><strong>maxumo,</strong></span> 
     </span>
     <span class='ocr_line' id='line_1_11' title="bbox 101 1645 1088 1755; baseline 0 -27"><span class='ocrx_word' id='word_1_68' title='bbox 101 1655 267 1755; x_wconf 89' lang='lat' dir='ltr'>imperio,</span> <span class='ocrx_word' id='word_1_69' title='bbox 306 1682 416 1754; x_wconf 88' lang='lat' dir='ltr'>prope</span> <span class='ocrx_word' id='word_1_70' title='bbox 431 1654 506 1753; x_wconf 86' lang='lat' dir='ltr'>jam</span> <span class='ocrx_word' id='word_1_71' title='bbox 532 1657 578 1729; x_wconf 85' lang='lat' dir='ltr'>ab</span> <span class='ocrx_word' id='word_1_72' title='bbox 609 1655 732 1729; x_wconf 82' lang='lat' dir='ltr'>occasu</span> <span class='ocrx_word' id='word_1_73' title='bbox 766 1645 971 1742; x_wconf 74' lang='lat' dir='ltr'>restitueri53</span> <span class='ocrx_word' id='word_1_74' title='bbox 1009 1657 1088 1754; x_wconf 86' lang='lat' dir='ltr'>quis</span> 
     </span>
     <span class='ocr_line' id='line_1_12' title="bbox 101 1774 1087 1876; baseline 0.001 -28"><span class='ocrx_word' id='word_1_75' title='bbox 101 1796 138 1850; x_wconf 91' lang='lat' dir='ltr'>te</span> <span class='ocrx_word' id='word_1_76' title='bbox 162 1777 302 1868; x_wconf 88' lang='lat' dir='ltr'>clarior,</span> <span class='ocrx_word' id='word_1_77' title='bbox 330 1776 408 1876; x_wconf 89' lang='lat' dir='ltr'>quis</span> <span class='ocrx_word' id='word_1_78' title='bbox 432 1775 555 1875; x_wconf 87' lang='lat' dir='ltr'>major,</span> <span class='ocrx_word' id='word_1_79' title='bbox 582 1777 617 1848; x_wconf 90' lang='lat' dir='ltr'>in</span> <span class='ocrx_word' id='word_1_80' title='bbox 635 1775 729 1848; x_wconf 86' lang='lat' dir='ltr'>terris</span> <span class='ocrx_word' id='word_1_81' title='bbox 755 1774 889 1849; x_wconf 85' lang='lat' dir='ltr'>fuerit?</span> <span class='ocrx_word' id='word_1_82' title='bbox 942 1777 1087 1875; x_wconf 76' lang='lat' dir='ltr'>Quippe</span> 
     </span>
     <span class='ocr_line' id='line_1_13' title="bbox 101 1894 1087 2000; baseline -0.005 -26"><span class='ocrx_word' id='word_1_83' title='bbox 101 1902 131 2000; x_wconf 15' lang='lat' dir='ltr'>fik</span> <span class='ocrx_word' id='word_1_84' title='bbox 152 1900 279 1972; x_wconf 90' lang='lat' dir='ltr'>morbo</span> <span class='ocrx_word' id='word_1_85' title='bbox 302 1895 389 1995; x_wconf 81' lang='lat' dir='ltr'>jam,</span> <span class='ocrx_word' id='word_1_86' title='bbox 417 1917 476 1970; x_wconf 82' lang='lat' dir='ltr'>aut</span> <span class='ocrx_word' id='word_1_87' title='bbox 493 1896 564 1970; x_wconf 85' lang='lat' dir='ltr'>sato</span> <span class='ocrx_word' id='word_1_88' title='bbox 589 1897 671 1970; x_wconf 86' lang='lat' dir='ltr'>huic</span> <span class='ocrx_word' id='word_1_89' title='bbox 696 1896 844 1993; x_wconf 86' lang='lat' dir='ltr'>imperio</span> <span class='ocrx_word' id='word_1_90' title='bbox 872 1894 968 1970; x_wconf 83' lang='lat' dir='ltr'>secus</span> <span class='ocrx_word' id='word_1_91' title='bbox 996 1897 1087 1970; x_wconf 85' lang='lat' dir='ltr'>acci-</span> 
     </span>
    </p>
   </div>
   <div class='ocr_carea' id='block_1_3' title="bbox 101 2017 1245 2115">
    <p class='ocr_par' dir='ltr' id='par_1_4' title="bbox 101 2017 1245 2115">
     <span class='ocr_line' id='line_1_14' title="bbox 101 2017 1245 2115; baseline -0.004 -22"><span class='ocrx_word' id='word_1_92' title='bbox 101 2018 273 2106; x_wconf 80' lang='lat' dir='ltr'>dat;·cui</span> <span class='ocrx_word' id='word_1_93' title='bbox 295 2017 447 2092; x_wconf 87' lang='lat' dir='ltr'>dubium</span> <span class='ocrx_word' id='word_1_94' title='bbox 472 2017 535 2108; x_wconf 91' lang='lat' dir='ltr'>est,</span> <span class='ocrx_word' id='word_1_95' title='bbox 567 2017 669 2115; x_wconf 32' lang='lat' dir='ltr'>quini</span> <span class='ocrx_word' id='word_1_96' title='bbox 679 2043 742 2114; x_wconf 88' lang='lat' dir='ltr'>per</span> <span class='ocrx_word' id='word_1_97' title='bbox 766 2019 889 2090; x_wconf 87' lang='lat' dir='ltr'>orbern</span> <span class='ocrx_word' id='word_1_98' title='bbox 919 2037 1088 2094; x_wconf 87' lang='lat' dir='ltr'>terrarum</span> <span class='ocrx_word' id='word_1_99' title='bbox 1158 2079 1162 2085; x_wconf 92' lang='lat'>.</span> <span class='ocrx_word' id='word_1_100' title='bbox 1196 2019 1204 2026; x_wconf 76' lang='grc'><em>“</em></span> <span class='ocrx_word' id='word_1_101' title='bbox 1241 2079 1245 2088; x_wconf 95' lang='grc'><em>.</em></span> 
     </span>
    </p>
   </div>
   <div class='ocr_carea' id='block_1_4' title="bbox 98 2138 1190 3574">
    <p class='ocr_par' dir='ltr' id='par_1_5' title="bbox 98 2138 1088 3448">
     <span class='ocr_line' id='line_1_15' title="bbox 99 2138 1088 2237; baseline 0 -23"><span class='ocrx_word' id='word_1_102' title='bbox 99 2141 256 2230; x_wconf 83' lang='lat' dir='ltr'>vastitas,</span> <span class='ocrx_word' id='word_1_103' title='bbox 281 2142 387 2230; x_wconf 86' lang='lat' dir='ltr'>bella,</span> <span class='ocrx_word' id='word_1_104' title='bbox 415 2141 526 2212; x_wconf 88' lang='lat' dir='ltr'>caedes</span> <span class='ocrx_word' id='word_1_105' title='bbox 543 2138 724 2212; x_wconf 85' lang='lat' dir='ltr'>oriantur?</span> <span class='ocrx_word' id='word_1_106' title='bbox 753 2141 850 2237; x_wconf 89' lang='lat' dir='ltr'>quod</span> <span class='ocrx_word' id='word_1_107' title='bbox 868 2143 891 2212; x_wconf 89' lang='lat' dir='ltr'>fi</span> <span class='ocrx_word' id='word_1_108' title='bbox 908 2139 972 2214; x_wconf 89' lang='lat' dir='ltr'>tibi</span> <span class='ocrx_word' id='word_1_109' title='bbox 994 2142 1088 2214; x_wconf 82' lang='lat' dir='ltr'>bona</span> 
     </span>
     <span class='ocr_line' id='line_1_16' title="bbox 98 2259 1083 2360; baseline 0.001 -26"><span class='ocrx_word' id='word_1_110' title='bbox 98 2261 226 2342; x_wconf 83' lang='lat' dir='ltr'>lubido</span> <span class='ocrx_word' id='word_1_111' title='bbox 255 2259 370 2352; x_wconf 87' lang='lat' dir='ltr'>fuerit,</span> <span class='ocrx_word' id='word_1_112' title='bbox 422 2260 556 2360; x_wconf 82' lang='lat' dir='ltr'>patriae,</span> <span class='ocrx_word' id='word_1_113' title='bbox 603 2259 803 2357; x_wconf 85' lang='lat' dir='ltr'>parentibus</span> <span class='ocrx_word' id='word_1_114' title='bbox 840 2261 1083 2359; x_wconf 82' lang='lat' dir='ltr'>gratificandi:</span> 
     </span>
     <span class='ocr_line' id='line_1_17' title="bbox 101 2381 1085 2480; baseline 0.001 -25"><span class='ocrx_word' id='word_1_115' title='bbox 101 2381 242 2480; x_wconf 88' lang='lat' dir='ltr'>postero</span> <span class='ocrx_word' id='word_1_116' title='bbox 280 2402 456 2479; x_wconf 84' lang='lat' dir='ltr'>tempore,</span> <span class='ocrx_word' id='word_1_117' title='bbox 502 2407 575 2479; x_wconf 86' lang='lat' dir='ltr'><strong>rep.</strong></span> <span class='ocrx_word' id='word_1_118' title='bbox 618 2381 788 2472; x_wconf 82' lang='lat' dir='ltr'>restituta,</span> <span class='ocrx_word' id='word_1_119' title='bbox 821 2381 923 2479; x_wconf 89' lang='lat' dir='ltr'>super</span> <span class='ocrx_word' id='word_1_120' title='bbox 962 2409 1085 2457; x_wconf 88' lang='lat' dir='ltr'>omnes</span> 
     </span>
     <span class='ocr_line' id='line_1_18' title="bbox 99 2503 1085 2602; baseline 0.002 -26"><span class='ocrx_word' id='word_1_121' title='bbox 99 2504 264 2577; x_wconf 80' lang='lat' dir='ltr'>mortales</span> <span class='ocrx_word' id='word_1_122' title='bbox 294 2503 404 2601; x_wconf 84' lang='lat' dir='ltr'>gloria</span> <span class='ocrx_word' id='word_1_123' title='bbox 428 2503 559 2602; x_wconf 80' lang='lat' dir='ltr'>agnita,</span> <span class='ocrx_word' id='word_1_124' title='bbox 586 2522 716 2600; x_wconf 85' lang='lat' dir='ltr'>tuaque</span> <span class='ocrx_word' id='word_1_125' title='bbox 744 2503 846 2576; x_wconf 88' lang='lat' dir='ltr'>unius</span> <span class='ocrx_word' id='word_1_126' title='bbox 881 2530 975 2577; x_wconf 90' lang='lat' dir='ltr'>mors</span> <span class='ocrx_word' id='word_1_127' title='bbox 1013 2506 1085 2578; x_wconf 79' lang='lat' dir='ltr'>vita</span> 
     </span>
     <span class='ocr_line' id='line_1_19' title="bbox 102 2622 1084 2720; baseline -0.002 -22"><span class='ocrx_word' id='word_1_128' title='bbox 102 2623 230 2698; x_wconf 84' lang='lat' dir='ltr'>clarior</span> <span class='ocrx_word' id='word_1_129' title='bbox 252 2623 327 2696; x_wconf 85' lang='lat' dir='ltr'>erit.</span> <span class='ocrx_word' id='word_1_130' title='bbox 377 2625 475 2697; x_wconf 83' lang='lat' dir='ltr'>Nam</span> <span class='ocrx_word' id='word_1_131' title='bbox 498 2623 598 2698; x_wconf 91' lang='lat' dir='ltr'>vivos</span> <span class='ocrx_word' id='word_1_132' title='bbox 615 2622 793 2696; x_wconf 88' lang='lat' dir='ltr'>interdum</span> <span class='ocrx_word' id='word_1_133' title='bbox 818 2623 970 2712; x_wconf 76' lang='lat' dir='ltr'>somma,</span> <span class='ocrx_word' id='word_1_134' title='bbox 994 2622 1084 2720; x_wconf 86' lang='lat' dir='ltr'>saepe</span> 
     </span>
     <span class='ocr_line' id='line_1_20' title="bbox 99 2743 1079 2842; baseline -0.003 -25"><span class='ocrx_word' id='word_1_135' title='bbox 99 2743 247 2834; x_wconf 82' lang='lat' dir='ltr'>invidia,</span> <span class='ocrx_word' id='word_1_136' title='bbox 274 2743 417 2842; x_wconf 82' lang='lat' dir='ltr'>fatigat:</span> <span class='ocrx_word' id='word_1_137' title='bbox 456 2743 518 2818; x_wconf 90' lang='lat' dir='ltr'>ubi</span> <span class='ocrx_word' id='word_1_138' title='bbox 540 2743 657 2818; x_wconf 80' lang='lat' dir='ltr'>anima</span> <span class='ocrx_word' id='word_1_139' title='bbox 685 2761 818 2815; x_wconf 82' lang='lat' dir='ltr'>naturae</span> <span class='ocrx_word' id='word_1_140' title='bbox 846 2745 952 2832; x_wconf 75' lang='lat' dir='ltr'>cessit,</span> <span class='ocrx_word' id='word_1_141' title='bbox 979 2744 1079 2814; x_wconf 87' lang='lat' dir='ltr'>dern-</span> 
     </span>
     <span class='ocr_line' id='line_1_21' title="bbox 99 2861 1082 2964; baseline -0.004 -26"><span class='ocrx_word' id='word_1_142' title='bbox 99 2865 142 2939; x_wconf 90' lang='lat' dir='ltr'>tis</span> <span class='ocrx_word' id='word_1_143' title='bbox 167 2863 491 2955; x_wconf 70' lang='lat' dir='ltr'>obtreslationibuS,</span> <span class='ocrx_word' id='word_1_144' title='bbox 517 2862 589 2961; x_wconf 85' lang='lat' dir='ltr'>ipsa</span> <span class='ocrx_word' id='word_1_145' title='bbox 612 2863 646 2938; x_wconf 90' lang='lat' dir='ltr'>se</span> <span class='ocrx_word' id='word_1_146' title='bbox 677 2863 788 2937; x_wconf 88' lang='lat' dir='ltr'>virtus</span> <span class='ocrx_word' id='word_1_147' title='bbox 817 2862 932 2962; x_wconf 86' lang='lat' dir='ltr'>magis</span> <span class='ocrx_word' id='word_1_148' title='bbox 955 2861 1082 2964; x_wconf 83' lang='lat' dir='ltr'>magis-</span> 
     </span>
     <span class='ocr_line' id='line_1_22' title="bbox 101 2983 1081 3086; baseline -0.002 -26"><span class='ocrx_word' id='word_1_149' title='bbox 101 3013 169 3084; x_wconf 90' lang='lat' dir='ltr'>que</span> <span class='ocrx_word' id='word_1_150' title='bbox 194 2985 340 3058; x_wconf 85' lang='lat' dir='ltr'>extollit.</span> <span class='ocrx_word' id='word_1_151' title='bbox 392 2989 482 3083; x_wconf 82' lang='lat' dir='ltr'>Qrae</span> <span class='ocrx_word' id='word_1_152' title='bbox 515 2985 600 3058; x_wconf 91' lang='lat' dir='ltr'>mihi</span> <span class='ocrx_word' id='word_1_153' title='bbox 635 2985 734 3059; x_wconf 86' lang='lat' dir='ltr'>utilia</span> <span class='ocrx_word' id='word_1_154' title='bbox 767 2983 863 3086; x_wconf 64' lang='lat' dir='ltr'>fallu</span> <span class='ocrx_word' id='word_1_155' title='bbox 897 2983 967 3076; x_wconf 85' lang='lat' dir='ltr'>visa</span> <span class='ocrx_word' id='word_1_156' title='bbox 990 2983 1081 3077; x_wconf 89' lang='lat' dir='ltr'>sunt,</span> 
     </span>
     <span class='ocr_line' id='line_1_23' title="bbox 99 3103 1083 3206; baseline -0.001 -25"><span class='ocrx_word' id='word_1_157' title='bbox 99 3131 253 3206; x_wconf 85' lang='lat' dir='ltr'>quaeque</span> <span class='ocrx_word' id='word_1_158' title='bbox 279 3106 342 3179; x_wconf 88' lang='lat' dir='ltr'>tibi</span> <span class='ocrx_word' id='word_1_159' title='bbox 363 3105 439 3180; x_wconf 84' lang='lat' dir='ltr'>usui</span> <span class='ocrx_word' id='word_1_160' title='bbox 463 3103 535 3178; x_wconf 87' lang='lat' dir='ltr'>sore</span> <span class='ocrx_word' id='word_1_161' title='bbox 553 3105 698 3194; x_wconf 89' lang='lat' dir='ltr'>credidi,</span> <span class='ocrx_word' id='word_1_162' title='bbox 726 3113 842 3203; x_wconf 80' lang='lat' dir='ltr'><strong>quam&#39;</strong></span> <span class='ocrx_word' id='word_1_163' title='bbox 861 3106 1083 3203; x_wconf 73' lang='lat' dir='ltr'>paucissumis</span> 
     </span>
     <span class='ocr_line' id='line_1_24' title="bbox 100 3221 1081 3326; baseline 0 -26"><span class='ocrx_word' id='word_1_164' title='bbox 100 3221 214 3326; x_wconf 68' lang='lat' dir='ltr'>potui&#39;,</span> <span class='ocrx_word' id='word_1_165' title='bbox 243 3226 429 3325; x_wconf 74' lang='lat' dir='ltr'>perscripsi.</span> <span class='ocrx_word' id='word_1_166' title='bbox 479 3229 646 3300; x_wconf 83' lang='lat' dir='ltr'>Ceterum</span> <span class='ocrx_word' id='word_1_167' title='bbox 672 3227 757 3300; x_wconf 89' lang='lat' dir='ltr'>deos</span> <span class='ocrx_word' id='word_1_168' title='bbox 781 3226 993 3300; x_wconf 84' lang='lat' dir='ltr'>immortales</span> <span class='ocrx_word' id='word_1_169' title='bbox 1017 3231 1081 3300; x_wconf 92' lang='lat' dir='ltr'>ob·</span> 
     </span>
     <span class='ocr_line' id='line_1_25' title="bbox 99 3347 1082 3448; baseline -0.001 -27"><span class='ocrx_word' id='word_1_170' title='bbox 99 3349 216 3439; x_wconf 84' lang='lat' dir='ltr'>testor,</span> <span class='ocrx_word' id='word_1_171' title='bbox 243 3348 309 3437; x_wconf 87' lang='lat' dir='ltr'>uti,</span> <span class='ocrx_word' id='word_1_172' title='bbox 337 3374 565 3446; x_wconf 87' lang='lat' dir='ltr'>quocumque</span> <span class='ocrx_word' id='word_1_173' title='bbox 593 3350 703 3422; x_wconf 89' lang='lat' dir='ltr'>modo</span> <span class='ocrx_word' id='word_1_174' title='bbox 730 3374 825 3448; x_wconf 80' lang='lat' dir='ltr'>ages,</span> <span class='ocrx_word' id='word_1_175' title='bbox 853 3375 893 3421; x_wconf 78' lang='lat' dir='ltr'>ea</span> <span class='ocrx_word' id='word_1_176' title='bbox 924 3374 976 3421; x_wconf 91' lang='lat' dir='ltr'>res</span> <span class='ocrx_word' id='word_1_177' title='bbox 1002 3347 1082 3443; x_wconf 71' lang='lat' dir='ltr'>tibi²</span> 
     </span>
    </p>

    <p class='ocr_par' dir='ltr' id='par_1_6' title="bbox 100 3453 1190 3574">
     <span class='ocr_line' id='line_1_26' title="bbox 100 3453 1190 3574; baseline -0.002 -32"><span class='ocrx_word' id='word_1_178' title='bbox 100 3469 219 3569; x_wconf 88' lang='lat' dir='ltr'>reique</span> <span class='ocrx_word' id='word_1_179' title='bbox 239 3470 390 3574; x_wconf 72' lang='lat' dir='ltr'>publieae</span> <span class='ocrx_word' id='word_1_180' title='bbox 405 3466 564 3568; x_wconf 87' lang='lat' dir='ltr'>prospere</span> <span class='ocrx_word' id='word_1_181' title='bbox 586 3469 737 3544; x_wconf 75' lang='lat' dir='ltr'>eveniat.</span> <span class='ocrx_word' id='word_1_182' title='bbox 1185 3453 1190 3460; x_wconf 53' lang='grc'><strong>’</strong></span> 
     </span>
    </p>
   </div>
   <div class='ocr_carea' id='block_1_5' title="bbox 0 0 1336 4692">
    <p class='ocr_par' dir='ltr' id='par_1_7' title="bbox 0 0 1336 4692">
     <span class='ocr_line' id='line_1_27' title="bbox 0 0 1336 4692; baseline 0 1"><span class='ocrx_word' id='word_1_183' title='bbox 0 0 1336 4692; x_wconf 95' lang='lat' dir='ltr'> </span> 
     </span>
    </p>
   </div>
  </div>
 </body>
</html>
