2662 4686
237 277 284 374 96
407 263 1019 348 C.Cnrtr18nar.us·nr1

236 453 264 490 ‘⁴
285 471 370 544 pax,
395 463 455 518 aut
483 442 634 518 amicitia
662 443 759 515 effe?
787 443 909 540 Quare
932 463 1062 512 moneo
1079 435 1222 510 hortor·

237 575 265 610 ⁴⁴
285 593 369 664 que,
402 589 446 638 ne
480 585 618 638 tantum
651 560 758 636 scelus
792 561 1009 659 impunitum
1042 557 1221 632 omittatis.

237 693 267 730 ⁴⁴
286 689 372 760 Non
390 687 568 783 peculatus
592 683 699 756 aerarii
722 683 832 756 factus
850 681 912 772 est,
936 705 1053 778 neque
1070 705 1131 777 per
1148 679 1226 752 vim

237 805 382 906 “psociis
399 787 719 902 ereptae'pecuniae:
747 830 826 902 quae
845 827 1065 901 quamquam
1083 800 1203 898 gravia
1210 830 1221 888 ;

188 915 190 922 ⁵
238 934 402 1002 “tamen
428 921 678 1000 consuetudine
697 922 773 1021 jam
803 950 867 1020 pro
895 923 1005 998 nihilo
1037 924 1223 996 habentur.

238 1048 391 1124 “Hosti
417 1073 598 1122 acerrumo
622 1046 761 1145 prodita
776 1045 893 1118 Senati
911 1043 1110 1134 auotoritas,
1145 1069 1228 1141 pro·

238 1177 266 1214 ⁴⁴
284 1169 401 1242 dittun
435 1168 629 1266 imperium
662 1168 816 1240 vestrum
836 1173 854 1238 :⁸
888 1165 989 1242 domi
1019 1163 1226 1262 militiaeque

238 1297 266 1334 ⁴⁴
285 1287 479 1386 respublica
494 1287 626 1362 venalis
643 1285 721 1360 fuit.
759 1291 850 1386 Qiae
869 1286 929 1360 nisr
948 1288 1089 1382 quaesrta
1106 1303 1225 1373 erunt,

238 1409 322 1483 “ni
349 1409 570 1482 vindicatum
593 1408 630 1480 in
654 1407 805 1482 noxios:
838 1407 924 1505 quid
941 1406 1132 1503 reliquum,
1162 1405 1227 1478 nisi

238 1539 267 1574 ⁴⁴
285 1551 324 1604 ut
340 1530 424 1622 illis,
436 1530 497 1629 qui
514 1535 554 1602 ea
565 1527 694 1619 facere,
712 1528 915 1602 obedientes
931 1525 1122 1600 vivamus?
1142 1552 1230 1598 nam

239 1659 268 1696 ‘⁴
286 1653 432 1750 impune
461 1678 540 1749 quae
569 1651 654 1725 libet
684 1648 810 1740 facere,
834 1649 872 1722 id
899 1648 949 1722 est
976 1651 1119 1746 Regem
1145 1649 1229 1720 elle.

239 1776 416 1872 “Neque
444 1799 528 1870 ego,
559 1770 728 1869 Qrirites,
751 1771 886 1860 hortor,
919 1779 967 1842 ut
984 1769 1111 1842 malitis
1137 1768 1230 1842 civis

240 1895 415 1968 “vestros
450 1917 648 1991 perperam,
676 1918 785 1989 quam
803 1892 894 1976 recle
912 1888 1053 1976 feciffe3
1081 1889 1140 1962 sed
1165 1917 1230 1980 ne,

240 2013 502 2112 “ignoscendo
532 2012 647 2102 malis,
677 2015 789 2084 bonos
814 2009 1111 2108 perditumeatis.
1163 2011 1233 2084 Ad
1266 2085 1268 2092 ,
1324 2019 1325 2102 l

240 2142 269 2178 ⁴⁴
288 2137 357 2208 hoc
375 2134 412 2206 in
430 2132 612 2229 republica
628 2133 743 2203 multo
761 2132 895 2227 praestat
913 2132 1090 2223 beneficii,
1119 2157 1235 2229 quam

241 2260 269 2296 ‘⁴
287 2253 449 2330 maleficii
486 2253 736 2324 immemorem
769 2253 848 2324 elle.
913 2253 1031 2324 Bonus
1070 2271 1232 2325 tantum·
1324 2243 1325 2248 ¹

242 2380 270 2416 ⁴⁴
289 2375 400 2447 modo
421 2367 558 2470 segnior
575 2373 629 2460 fit,
654 2370 716 2444 ubi
733 2373 923 2470 neglegas3
953 2389 988 2444 at
1016 2373 1130 2445 malus
1161 2373 1232 2446 im-

241 2499 269 2534 ⁴⁴
289 2492 441 2589 probior.
462 2493 535 2566 ,Ad
552 2494 621 2565 hoc
638 2495 661 2564 fi
679 2489 811 2589 injuriae
829 2517 902 2564 non
919 2495 997 2583 fint,
1024 2492 1122 2566 haud
1138 2492 1232 2592 saepe
1295 2549 1302 2590 2

227 2620 270 2664 ·⁴⁴
288 2614 411 2688 auxilii
435 2615 576 2712 egeas.’'

288 2735 445 2808 XXXII.
471 2737 576 2809 HAEc
595 2754 699 2832 atque
715 2735 782 2808 alia
798 2734 1038 2834 hujuscemodi
1054 2736 1145 2834 saepe
1172 2736 1229 2810 di-

240 2855 373 2945 cund0,
396 2855 595 2928 Memmius
620 2858 755 2954 populo
783 2856 976 2954 persuadet,
1002 2858 1053 2932 uti
1077 2860 1125 2931 L.
1148 2843 1257 2934 Cas-·

241 2975 320 3062 sius,
343 2974 405 3070 qui
421 2995 500 3048 tum
516 2980 650 3056 Praetor
666 2998 751 3068 erat,
769 2981 816 3051 ad
839 2979 1052 3078 Jugurtham
1076 2977 1230 3052 mittere·

242 3110 313 3180 tur,
344 3092 544 3189 interposita
582 3098 653 3201 fide
692 3099 848 3195 publica,
875 3104 1034 3174 Romam
1057 3102 1205 3174 duceret
1218 3129 1231 3188 ;

198 3277 201 3288 ,
241 3235 313 3310 quo
332 3210 467 3285 facilius
493 3213 626 3288 indicio
654 3219 761 3316 regis,
793 3221 967 3295 Scauri&
994 3221 1230 3319 reliquorum,

168 3423 171 3428 Ι
241 3357 331 3429 quos
358 3333 513 3429 pecuniae
545 3357 655 3432 captae
682 3341 907 3431 arceffebant,
933 3342 1061 3416 delicta
1083 3345 1230 3439 patefie-

240 3472 329 3526 rent.
379 3455 479 3528 Dum
496 3457 571 3528 haec
590 3461 719 3530 Roma
745 3481 928 3556 geruntur,
961 3462 1023 3560 qui
1040 3463 1078 3536 in
1094 3463 1230 3536 Numi·

240 3572 299 3644 dia
316 3574 427 3647 relicti
459 3602 479 3648 a
507 3577 616 3650 Bestia
633 3579 802 3651 exercitui
816 3602 997 3678 praeerant,
1020 3580 1127 3656 secuti
1151 3610 1229 3658 mo-

240 3715 316 3766 rem
343 3694 572 3793 imperatoris,
600 3698 754 3796 plurima
786 3705 820 3774 &
850 3702 1123 3801 flagitiosissuma
1144 3703 1229 3778 faci·
