2662 4686
377 322 722 420 Jueurrrtn.
894 335 897 346 '
1021 355 1087 434 127
1179 294 1182 315 ‚

8 483 10 492 ,
100 523 163 603 per
181 499 302 578 omnis
325 499 432 586 tribus
459 502 664 578 declaratur.
715 498 858 576 Deinde
878 502 922 576 ab
944 529 987 578 eo
1015 533 1090 579 ma-

102 625 253 724 gistratu
269 623 378 698 alium
395 623 473 722 post
489 624 598 698 alium
616 622 677 696 fibi
696 623 856 720 peperit:
888 621 1092 724 semperque

8 759 10 844 ξ
97 747 134 820 in
170 743 398 844 potestatibus
433 771 476 820 eo
505 747 616 818 modo
642 744 809 842 agitabat,
835 743 887 820 uti
903 745 1086 842 ampliore,

8 959 10 976 Ι
101 894 209 964 quarn
229 868 387 966 gerebat,
400 865 530 964 dignus
548 867 746 940 haberetur.
783 867 924 940 Tamen
939 866 967 940 is
991 867 1036 940 ad
1053 867 1091 940 id

102 991 265 1066 locorum
282 987 359 1062 talis
387 987 442 1060 vir
472 991 573 1084 (nam
591 989 710 1086 postea
726 987 919 1062 ambitione
936 1013 1091 1085 praeceps

8 1111 9 1124 ’
101 1111 203 1186 datus
222 1110 290 1204 est)
309 1129 427 1207 petere
445 1133 516 1182 non
532 1112 695 1184 audebat.
747 1109 865 1186 Etiam
899 1131 977 1184 tum
1006 1109 1091 1186 alios
1126 1206 1130 1215 Χ

8 1285 10 1330 ,
102 1232 329 1330 magistratus
345 1232 478 1327 plebea,
508 1229 726 1306 consulatum
754 1230 916 1324 nobilitas
942 1231 1032 1304 inter
1058 1230 1092 1306 se

103 1379 167 1452 per
184 1379 312 1434 manus
328 1352 500 1427 tradebat.
551 1339 680 1426 Novus
713 1379 819 1428 nemo
853 1374 927 1427 tam
960 1355 1089 1448 clarus,
1203 1367 1205 1371 ’

8 1479 9 1482 ’
102 1499 219 1572 neque
246 1493 323 1546 tam
352 1473 501 1572 egregiis
534 1471 631 1546 fadis
657 1489 742 1564 erat,
778 1475 908 1574 quin-is
925 1473 1093 1574 indignus

102 1595 166 1668 illo
182 1597 316 1668 honore
335 1599 368 1666 bc
386 1599 480 1691 quafi
499 1596 654 1694 pollutus
676 1590 870 1669 haberetur.

150 1719 289 1790 LXIV.
316 1718 459 1790 Iatrurt
483 1716 545 1790 ubi
567 1715 706 1790 Marius
724 1713 911 1812 haruspicis
926 1715 1019 1790 dieta
1032 1742 1091 1791 eo·

8 1863 10 1884 t
102 1839 191 1912 dem
208 1837 388 1912 intendere
404 1837 515 1928 videt,
547 1865 619 1936 quo
639 1837 770 1935 cupido
793 1835 901 1910 animi
928 1838 1091 1911 hortaba-

102 1979 184 2047 tur3
213 1960 261 2034 ab
283 1960 432 2037 Metello
449 1959 595 2056 petundi
616 1957 727 2058 gratia
744 1957 939 2032 missionem
963 1976 1089 2055 rogata

102 2081 160 2156 cui
192 2103 409 2176 quamquam
440 2079 566 2170 virtus,
599 2078 711 2178 gloria
734 2099 838 2178 atque
854 2079 921 2152 alia
938 2081 1092 2176 optanda

102 2198 211 2274 bonis
237 2198 457 2296 superabant,
477 2221 597 2274 tamen
613 2201 724 2274 inerat
741 2221 939 2274 contemtor
955 2201 1092 2275 animus

8 2343 9 2406 ς
77 2335 78 2343 ’
103 2327 139 2396 &
158 2319 330 2417 superbia,
350 2319 541 2396 commune
557 2323 745 2398 nobilitatis
772 2325 919 2398 malum.
969 2324 1092 2420 Itaque

8 2439 9 2444 ’
103 2441 261 2541 primurn
289 2463 489 2518 commotus
505 2443 638 2518 insolita
655 2469 704 2536 re,
733 2444 850 2526 mirari
867 2442 939 2542 ejus
954 2445 1091 2518 confili-

8 2587 9 2590 ’
101 2593 180 2662 urn,
215 2570 250 2638 hc
280 2570 374 2663 quast
408 2592 469 2664 per
498 2565 687 2642 amicitiam
720 2591 877 2655 monere,
903 2573 990 2638 “ne
1017 2586 1091 2640 tam

104 2697 131 2732 “
151 2713 265 2786 prava
285 2687 470 2785 inciperet,
504 2711 574 2762 neu
603 2687 702 2784 super
729 2685 908 2759 fortunam
931 2685 1093 2760 animum

106 2814 133 2851 “
154 2828 314 2906 gereret:
344 2834 419 2882 non
447 2808 567 2882 omnia
591 2807 756 2882 omnibus
785 2805 964 2904 cupiunda
993 2807 1093 2880 effe:
1181 2811 1186 2829 ⁸

106 2929 281 3006 “debere
309 2930 361 3003 illi
385 2955 438 3003 res
455 2929 529 3004 suas
554 2926 634 3006 satis
650 2930 784 3025 placere
801 2955 811 2998 ε
844 2925 1017 3023 postremo
1034 2953 1092 3002 cas
1149 2953 1151 2961 ⁴

8 3077 9 3082 ¹
107 3057 132 3099 ‘⁴
149 3069 250 3126 verct
276 3049 314 3123 id
343 3031 457 3148 petere
491 3078 511 3124 a
543 3051 677 3148 populo
706 3053 889 3154 Romano,
913 3039 1012 3146 quod
1041 3049 1093 3124 illi

8 3213 10 3264 ς
107 3167 226 3269 “jure
254 3174 477 3270 negaretur.”
543 3171 734 3270 Postquam
773 3172 848 3246 haec
882 3168 993 3269 atque·
1012 3171 1093 3247 talia

8 3375 9 3380 ,
93 3291 208 3384 dixit,
237 3319 354 3390 neque
386 3293 523 3368 animus
555 3292 666 3366 Marii
691 3291 865 3382 deditum
900 3291 1093 3390 respondit,
1194 3353 1200 3376 ,

110 3417 136 3460 “
153 3413 216 3488 ubi
234 3414 393 3511 primunt
410 3413 574 3511 potuisset
601 3439 664 3512 per
688 3414 839 3513 negotia
846 3414 1002 3512 publica,
1020 3410 1092 3484 sac-
1118 3406 1121 3414 ’

8 3623 9 3630 ,
111 3539 136 3574 “
154 3552 273 3610 tusum
300 3533 381 3625 sese>
408 3561 487 3632 quae
516 3537 685 3633 peteret?
735 3540 792 3611 Ac
823 3535 942 3632 postea
969 3531 1092 3629 sapius

8 3709 9 3712 =
110 3656 230 3734 eadam
260 3656 462 3754 postulanti,
498 3655 606 3732 fertur
631 3656 768 3748 dixisse,
811 3665 839 3700 “
852 3681 897 3729 ne
919 3653 1093 3730 festinaret

8 3831 9 3884 3
108 3782 134 3820 “
151 3779 250 3856 abire
266 3805 276 3854 t
301 3776 379 3860 satis
391 3798 524 3856 mature
540 3779 641 3856 illum
659 3804 742 3854 cum
760 3775 833 3856 filio
849 3774 910 3855 suo
932 3775 1092 3851 consula·
