2664 4692
272 351 864 441 Fntcnuuutjtuttv.
1011 385 1124 461 217.

99 551 160 612 tut
176 533 362 610 occident:
396 536 492 634 quod
509 537 604 609 haud
621 533 761 608 difficile
779 533 841 624 est,
868 535 891 606 fi
909 551 948 608 tu
964 536 1083 612 Meso-

98 656 269 756 potamia,
283 680 347 730 nos
362 655 543 748 Armenia,
557 655 871 754 circumgredimur
892 657 1083 734 exercitum

103 782 174 852 fine
190 777 382 867 frumento,
415 781 484 851 fine
510 777 673 852 auxiliis:
701 776 852 866 fortuna,
882 797 942 852 aut
965 771 1089 853 nostris

103 893 212 990 vitiis,
234 900 348 974 adhuc
364 897 592 974 incolumem.
617 900 744 996 Teque
768 897 827 970 illa
849 895 944 972 fama
965 895 1087 997 seque-

104 1039 176 1110 tur,
200 1019 334 1094 auxilio
363 1017 556 1117 profectum
583 1017 906 1117 magnis-regibus,
940 1019 1089 1096 latrones

105 1140 268 1240 gentium
284 1143 492 1239 oppreffiffe.
533 1141 643 1238 Qod
658 1139 711 1230 uti
727 1138 829 1214 facias
846 1165 990 1229 moneo,
1007 1130 1088 1212 hor-

31 1317 34 1323 .
105 1271 257 1360 torqu'c3
287 1287 356 1334 neu
373 1262 471 1335 malis
490 1261 640 1359 pernicie
657 1261 770 1336 nostra
787 1279 886 1334 tuam
901 1262 1086 1358 prolatare,

108 1408 216 1482 quam
234 1379 394 1460 societate
411 1383 522 1456 vidior
538 1383 624 1460 fieri.

156 1502 266 1579 Curio
282 1503 570 1577 Vulcanaliorum
586 1503 644 1576 die
660 1503 794 1578 ibidem
812 1524 977 1580 moratus.
1016 1507 1089 1582 No-

98 1630 183 1700 ·m’us
195 1627 236 1700 de
251 1641 384 1700 mutata
400 1627 623 1700 declinatione.
678 1627 808 1723 Charis.
829 1628 852 1698 l.
872 1627 905 1700 t.

156 1747 271 1820 Scalas
289 1772 387 1844 pares
405 1747 578 1820 moenium
596 1745 790 1820 altitudine.
837 1728 1036 1842 Arustamrs.

157 1867 329 1942 Diffidere
360 1867 450 1946 inter
477 1866 511 1940 se
540 1891 693 1963 coepere,
718 1891 833 1966 neque
865 1865 904 1939 in
930 1868 1089 1944 medium
1146 1899 1147 1904 ¹

12 2033 13 2046 .
106 1988 311 2064 consultare.
361 1991 462 2064 Idem.

156 2107 353 2207 Multisque
368 2107 615 2206 suspicionibus
643 2108 795 2184 volentia
817 2107 922 2207 plebi
936 2109 1090 2184 fadutus

11 2292 12 2298 ,
107 2229 304 2305 videbatur.
354 2233 497 2318 Nonius,
524 2233 684 2339 Voleutia,
704 2258 775 2330 quae
786 2234 1014 2328 plebsqvelltt.

157 2349 408 2453 Suspeblusque
421 2349 499 2442 fuit,
517 2351 689 2430 incertum
714 2377 799 2428 vero
822 2379 867 2428 an
891 2379 953 2452 per
974 2352 1089 2452 negli-
1148 2361 1151 2370 “

108 2472 279 2573 gentiam,
314 2471 514 2545 societatem
542 2473 742 2570 praedarum
779 2499 861 2548 cum
895 2474 1090 2550 latronibus

109 2590 348 2692 composuiffe.
372 2595 473 2680 Idem,
495 2598 697 2688 Componere,
721 2597 917 2691 conjungere.

155 2715 342 2814 Collegam
360 2713 547 2808 minorem,
566 2717 599 2786 δε
624 2713 674 2790 sui
691 2713 860 2798 cultorem
878 2693 1089 2812 exspectans.
1145 2796 1147 2805 ,

108 2838 264 2931 Aruſsan.
303 2917 306 2926 q

107 2999 110 3008 ·
157 2962 280 3056 Qram
307 2955 481 3041 maxumis
510 2954 693 3034 itineribus
721 2981 781 3053 per
809 2980 958 3054 regnum
986 2956 1091 3032 Ario-

110 3077 271 3170 barzanis
295 3077 488 3165 contendit,
517 3078 562 3148 ad
590 3079 724 3152 flumen
743 3078 982 3173 Euphratem
1023 3106 1094 3177 qua

109 3197 145 3276 in
163 3218 260 3296 parte
276 3197 499 3294 Cappadocia
527 3199 572 3270 ab
597 3197 767 3278 Armenia
783 3197 1000 3296 disjungitur.
1046 3204 1093 3274 Et

112 3344 331 3417 quamquam
354 3318 399 3390 ad
417 3316 454 3388 id
473 3343 577 3390 naves
591 3317 772 3396 codicariae
785 3321 924 3392 occulto
942 3345 1004 3416 per
1016 3318 1090 3391 hie.

110 3465 206 3518 mem
235 3437 411 3520 fabricate
441 3439 595 3518 aderant.
646 3439 736 3516 Non.
765 3442 944 3512 Codicariae
974 3467 1090 3528 naves,

111 3589 182 3664 quae
208 3566 242 3633 in
251 3563 389 3654 flumine
406 3564 477 3658 usui
491 3558 548 3656 effe
558 3560 699 3656 possunt,

172 3681 247 3778 Qi
284 3679 655 3779 praetergrediebantur
672 3679 823 3776 'equites
861 3682 1090 3778 cataphracti,

111 3799 218 3886 ferrea
251 3800 348 3873 omni
377 3798 499 3898 specie.
551 3802 652 3872 Idem.
716 3852 719 3862 ,
