2672 4682
271 391 273 394 .
375 363 380 372 ¹
448 333 754 412 ciuntur.
1053 341 1095 430 3²1

100 512 227 592 minus
256 508 479 599 mirandum,
503 508 664 588 homines
688 505 837 607 egentis,
868 505 968 590 malis
996 507 1102 585 mori,

99 635 188 724 bus,
220 625 400 712 'maxuma
425 629 500 728 spe,
522 630 724 727 reipublicae
741 625 846 728 juxta
868 652 912 714 ac
935 626 999 703 fibi
1017 655 1104 708 con,

100 753 254 832 suluiffe.
306 756 653 850 Praetereaquotum,
680 747 953 857 uisioriaSullae,
980 774 1103 846 pareri„

103 895 154 951 tas
174 874 378 973 proscripti,
407 874 500 952 bona
516 893 645 970 erepta,
666 871 724 970 jus
747 870 915 950 libertatis
935 869 1102 950 imminu-

102 1017 185 1075 tum
202 1013 294 1086 erat,
321 996 417 1070 haud
434 994 597 1074 sancasio
614 993 733 1072 animo
750 993 834 1068 belli
850 1012 1019 1072 eventurn
1040 1018 1103 1071 ex·

103 1117 324 1215 spetlabant.
377 1119 439 1196 Ad
471 1119 553 1207 hoc,
588 1115 807 1214 quicumque
822 1115 967 1194 aliarum
996 1134 1104 1212 atquo

103 1239 224 1316 Senati
260 1237 413 1340 partium
445 1257 555 1326 erant,
594 1237 796 1314 conturbari
829 1235 1102 1334 rempublicam,

104 1385 221 1459 quam
235 1359 352 1440 minus
364 1361 481 1436 valere
498 1358 559 1456 ipfi
572 1361 761 1445 malebant.
812 1359 854 1438 Id
864 1359 954 1436 adeo
968 1359 1104 1436 malum

107 1484 242 1568 multos
260 1482 338 1580 post
354 1507 465 1562 annos
483 1481 519 1557 in
530 1479 712 1560 civitatem
730 1499 925 1558 reverterat.

152 1599 375 1704 XXXVIII.
401 1605 504 1682 Nau
540 1595 729 1699 postquam
762 1602 830 1678 Cn.
864 1599 1036 1697 Pompeio
1067 1604 1103 1676 &a

110 1728 172 1802 Μ.
188 1727 312 1806 Crasso
327 1723 541 1804 Consulibus
558 1721 747 1799 tribunicia
764 1721 910 1820 potestas
927 1717 1103 1808 restitutai

111 1847 280 1926 homines
297 1845 542 1934 adolescentes,
562 1843 757 1942 [summam
770 1841 972 1941 potestatem
990 1841 1103 1937 naui]

109 1968 243 2065 quibus
272 1988 354 2048 atas
381 1965 586 2064 animusque
610 1964 727 2064 ferox,
750 1952 905 2061 coepere,
937 1965 1104 2042 Senatum

108 2080 351 2178 criminando,
383 2089 526 2185 plebem
553 2086 756 2184 exagitare3
789 2085 871 2166 dein
900 2084 1103 2184 largiundo,

110 2224 223 2307 atque
240 2207 468 2305 pollicitando
486 2207 597 2306 magis
615 2208 822 2294 incendere;
853 2205 903 2282 ita
926 2206 989 2304 ipsi
1021 2199 1106 2284 clari

111 2328 342 2428 potentesque
359 2328 445 2412 fieri.
498 2330 630 2410 Contra
649 2355 707 2410 eos
724 2327 862 2410 summa
878 2355 948 2427 ope
965 2323 1102 2406 niteba-

112 2469 169 2528 tur
193 2453 360 2550 pleraque
383 2450 560 2541 nobilitas,
586 2451 701 2554 Senati
717 2449 831 2548 specie
848 2477 911 2549 pro
927 2449 986 2530 sua
1001 2477 1104 2550 mag-

112 2572 284 2654 nitudine,
335 2574 516 2670 Namque,
542 2571 595 2647 uti
612 2571 731 2670 paucis
748 2570 940 2662 absolvam,
967 2599 1030 2670 per
1045 2572 1106 2658 illa

113 2713 276 2792 tempora
293 2693 513 2797 quicumque
526 2693 804 2790 Rempublicam
821 2694 1013 2792 agitavere,
1039 2694 1104 2764 ho-

114 2815 215 2889 nestis
233 2815 449 2906 nominibus,
476 2815 548 2915 alii,
576 2815 672 2894 sicuti
691 2813 815 2912 populi
833 2813 914 2912 jura
939 2811 1104 2892 defende·
1203 2892 1204 2898 η

115 2957 203 3027 rent,
232 2963 327 3039 pars,
355 2964 428 3034 quo
454 2937 567 3016 Senati
591 2936 775 3017 annositas
803 2961 972 3015 maxuma
1000 2932 1103 3025 foret,

114 3060 251 3138 bonum
269 3057 455 3157 publicum
473 3059 683 3147 simulantes,
711 3083 774 3155 pto
797 3055 856 3134 sua
880 3056 1024 3162 quisque
1041 3083 1105 3155 po-

113 3181 222 3258 tentia
239 3183 433 3260 certabant.
479 3180 616 3277 'Neque
632 3179 817 3270 modestia,
844 3205 960 3279 neque
977 3181 1106 3260 modus
1209 3235 1212 3245 l

114 3301 348 3380 contentionis
362 3320 458 3376 erat:
486 3301 625 3399 utrique
642 3301 824 3380 vitreriam
841 3301 1027 3377 crudeliter
1044 3323 1106 3380 ex·

114 3426 315 3502 ercebant..
860 3481 862 3484 .
934 3489 938 3510 ¹

161 3544 341 3624 XXXIX.
352 3545 428 3619 Seu
441 3544 626 3649 postquam·
636 3545 902 3642 euPompeius
912 3544 957 3620 ad
970 3542 1106 3619 bellum·

114 3665 336 3746 maritimum
371 3685 476 3770 atque
507 3665 792 3746 Mithridaticum
818 3664 961 3748 mittun
994 3663 1106 3760 plebis
1152 3652 1161 3726 Ϊ

113 3811 198 3900 opes
226 3785 440 3882 immistum,
471 3812 663 3884 paucorum
693 3785 849 3894 potentia
878 3783 998 3864 crevit.
1051 3783 1105 3860 Hi
