<?xml version="1.0" encoding="UTF-8"?>
<!DOCTYPE html PUBLIC "-//W3C//DTD XHTML 1.0 Transitional//EN"
    "http://www.w3.org/TR/xhtml1/DTD/xhtml1-transitional.dtd">
<html xmlns="http://www.w3.org/1999/xhtml" xml:lang="en" lang="en">
 <head>
  <title>
</title>
<meta http-equiv="Content-Type" content="text/html;charset=utf-8" />
  <meta name='ocr-system' content='tesseract 3.04.00' />
  <meta name='ocr-capabilities' content='ocr_page ocr_carea ocr_par ocr_line ocrx_word'/>
</head>
<body>
  <div class='ocr_page' id='page_1' title='image "./caiicrispisallu00sallgoog_0116.png"; bbox 0 0 2662 4686; ppageno 0'>
   <div class='ocr_carea' id='block_1_1' title="bbox 137 343 1006 430">
    <p class='ocr_par' dir='ltr' id='par_1_1' title="bbox 137 343 1006 430">
     <span class='ocr_line' id='line_1_1' title="bbox 137 343 1006 430; baseline -0.005 -2"><span class='ocrx_word' id='word_1_1' title='bbox 137 343 142 350; x_wconf 63' lang='grc'>’</span> <span class='ocrx_word' id='word_1_2' title='bbox 229 357 296 430; x_wconf 89' lang='lat'>108</span> <span class='ocrx_word' id='word_1_3' title='bbox 418 352 680 426; x_wconf 83' lang='lat' dir='ltr'>C.Cnrsrt</span> <span class='ocrx_word' id='word_1_4' title='bbox 714 351 1006 425; x_wconf 81' lang='lat' dir='ltr'>SAanusrrr</span> 
     </span>
    </p>
   </div>
   <div class='ocr_carea' id='block_1_2' title="bbox 155 519 1257 1705">
    <p class='ocr_par' dir='ltr' id='par_1_2' title="bbox 155 519 1257 1705">
     <span class='ocr_line' id='line_1_2' title="bbox 225 519 1215 621; baseline 0 -28"><span class='ocrx_word' id='word_1_5' title='bbox 225 521 326 595; x_wconf 86' lang='lat' dir='ltr'>clade</span> <span class='ocrx_word' id='word_1_6' title='bbox 361 522 548 619; x_wconf 90' lang='lat' dir='ltr'>perculsus,</span> <span class='ocrx_word' id='word_1_7' title='bbox 580 521 766 621; x_wconf 73' lang='lat' dir='ltr'>postquam</span> <span class='ocrx_word' id='word_1_8' title='bbox 782 523 982 596; x_wconf 87' lang='lat' dir='ltr'>decreverat</span> <span class='ocrx_word' id='word_1_9' title='bbox 1004 544 1076 592; x_wconf 93' lang='lat' dir='ltr'>non</span> <span class='ocrx_word' id='word_1_10' title='bbox 1094 519 1215 618; x_wconf 85' lang='lat' dir='ltr'>egredi</span> 
     </span>
     <span class='ocr_line' id='line_1_3' title="bbox 227 637 1213 741; baseline -0.003 -27"><span class='ocrx_word' id='word_1_11' title='bbox 227 643 424 739; x_wconf 89' lang='lat' dir='ltr'>provincia,</span> <span class='ocrx_word' id='word_1_12' title='bbox 460 663 632 741; x_wconf 84' lang='lat' dir='ltr'>quantum</span> <span class='ocrx_word' id='word_1_13' title='bbox 658 641 828 740; x_wconf 89' lang='lat' dir='ltr'>temporis</span> <span class='ocrx_word' id='word_1_14' title='bbox 854 641 1056 716; x_wconf 81' lang='lat' dir='ltr'>aestivorum</span> <span class='ocrx_word' id='word_1_15' title='bbox 1082 639 1120 711; x_wconf 92' lang='lat' dir='ltr'>in</span> <span class='ocrx_word' id='word_1_16' title='bbox 1144 637 1213 712; x_wconf 88' lang='lat' dir='ltr'>im·</span> 
     </span>
     <span class='ocr_line' id='line_1_4' title="bbox 225 759 1213 862; baseline -0.001 -27"><span class='ocrx_word' id='word_1_17' title='bbox 225 763 321 862; x_wconf 91' lang='lat' dir='ltr'>perio</span> <span class='ocrx_word' id='word_1_18' title='bbox 339 763 419 855; x_wconf 90' lang='lat' dir='ltr'>fuit,</span> <span class='ocrx_word' id='word_1_19' title='bbox 450 767 658 862; x_wconf 91' lang='lat' dir='ltr'>plerumque</span> <span class='ocrx_word' id='word_1_20' title='bbox 677 763 802 837; x_wconf 86' lang='lat' dir='ltr'>milites</span> <span class='ocrx_word' id='word_1_21' title='bbox 820 762 951 836; x_wconf 88' lang='lat' dir='ltr'>stativis</span> <span class='ocrx_word' id='word_1_22' title='bbox 969 759 1085 836; x_wconf 85' lang='lat' dir='ltr'>castris</span> <span class='ocrx_word' id='word_1_23' title='bbox 1102 761 1213 834; x_wconf 88' lang='lat' dir='ltr'>habe·</span> 
     </span>
     <span class='ocr_line' id='line_1_5' title="bbox 222 867 1257 983; baseline -0.007 -25"><span class='ocrx_word' id='word_1_24' title='bbox 222 887 307 958; x_wconf 87' lang='lat' dir='ltr'>bat:</span> <span class='ocrx_word' id='word_1_25' title='bbox 335 885 396 958; x_wconf 84' lang='lat' dir='ltr'>nifi</span> <span class='ocrx_word' id='word_1_26' title='bbox 413 909 495 958; x_wconf 87' lang='lat' dir='ltr'>curn</span> <span class='ocrx_word' id='word_1_27' title='bbox 508 885 610 974; x_wconf 90' lang='lat' dir='ltr'>odos,</span> <span class='ocrx_word' id='word_1_28' title='bbox 637 905 696 958; x_wconf 85' lang='lat' dir='ltr'>aut</span> <span class='ocrx_word' id='word_1_29' title='bbox 713 867 832 983; x_wconf 81' lang='lat' dir='ltr'>pabuli</span> <span class='ocrx_word' id='word_1_30' title='bbox 849 884 979 982; x_wconf 89' lang='lat' dir='ltr'>egestas</span> <span class='ocrx_word' id='word_1_31' title='bbox 995 881 1116 954; x_wconf 86' lang='lat' dir='ltr'>locum</span> <span class='ocrx_word' id='word_1_32' title='bbox 1133 906 1214 952; x_wconf 84' lang='lat' dir='ltr'>mu-</span> <span class='ocrx_word' id='word_1_33' title='bbox 1252 877 1257 886; x_wconf 84' lang='grc'><strong>’</strong></span> 
     </span>
     <span class='ocr_line' id='line_1_6' title="bbox 155 1000 1213 1103; baseline 0 -27"><span class='ocrx_word' id='word_1_34' title='bbox 155 1027 159 1040; x_wconf 82' lang='grc'><strong>’</strong></span> <span class='ocrx_word' id='word_1_35' title='bbox 224 1023 297 1078; x_wconf 89' lang='lat' dir='ltr'>tare</span> <span class='ocrx_word' id='word_1_36' title='bbox 322 1003 511 1102; x_wconf 85' lang='lat' dir='ltr'>subegerat.</span> <span class='ocrx_word' id='word_1_37' title='bbox 563 1006 629 1078; x_wconf 89' lang='lat' dir='ltr'>Sed</span> <span class='ocrx_word' id='word_1_38' title='bbox 657 1031 771 1103; x_wconf 91' lang='lat' dir='ltr'>neque</span> <span class='ocrx_word' id='word_1_39' title='bbox 799 1031 896 1078; x_wconf 92' lang='lat' dir='ltr'>more</span> <span class='ocrx_word' id='word_1_40' title='bbox 924 1002 1064 1076; x_wconf 87' lang='lat' dir='ltr'>militari</span> <span class='ocrx_word' id='word_1_41' title='bbox 1081 1000 1213 1099; x_wconf 87' lang='lat' dir='ltr'>vigiliae</span> 
     </span>
     <span class='ocr_line' id='line_1_7' title="bbox 225 1123 1212 1223; baseline -0.004 -26"><span class='ocrx_word' id='word_1_42' title='bbox 225 1126 508 1198; x_wconf 81' lang='lat' dir='ltr'>deducebantur:</span> <span class='ocrx_word' id='word_1_43' title='bbox 528 1125 579 1202; x_wconf 90' lang='lat' dir='ltr'>uti</span> <span class='ocrx_word' id='word_1_44' title='bbox 592 1125 720 1223; x_wconf 86' lang='lat' dir='ltr'>cuique</span> <span class='ocrx_word' id='word_1_45' title='bbox 733 1127 889 1216; x_wconf 87' lang='lat' dir='ltr'>lubebat,</span> <span class='ocrx_word' id='word_1_46' title='bbox 907 1127 952 1198; x_wconf 93' lang='lat' dir='ltr'>ab</span> <span class='ocrx_word' id='word_1_47' title='bbox 966 1123 1068 1221; x_wconf 71' lang='lat' dir='ltr'>signis</span> <span class='ocrx_word' id='word_1_48' title='bbox 1080 1123 1212 1198; x_wconf 86' lang='lat' dir='ltr'>aberat.</span> 
     </span>
     <span class='ocr_line' id='line_1_8' title="bbox 225 1245 1211 1342; baseline -0.004 -22"><span class='ocrx_word' id='word_1_49' title='bbox 225 1245 327 1320; x_wconf 84' lang='lat' dir='ltr'>Lixae</span> <span class='ocrx_word' id='word_1_50' title='bbox 345 1245 511 1342; x_wconf 86' lang='lat' dir='ltr'>permixti</span> <span class='ocrx_word' id='word_1_51' title='bbox 527 1272 610 1320; x_wconf 86' lang='lat' dir='ltr'>curn</span> <span class='ocrx_word' id='word_1_52' title='bbox 634 1245 804 1320; x_wconf 88' lang='lat' dir='ltr'>militibus</span> <span class='ocrx_word' id='word_1_53' title='bbox 822 1245 880 1322; x_wconf 90' lang='lat' dir='ltr'>die</span> <span class='ocrx_word' id='word_1_54' title='bbox 902 1246 1082 1341; x_wconf 68' lang='lat' dir='ltr'>nodtuque</span> <span class='ocrx_word' id='word_1_55' title='bbox 1103 1267 1211 1342; x_wconf 85' lang='lat' dir='ltr'>vaga-</span> 
     </span>
     <span class='ocr_line' id='line_1_9' title="bbox 225 1365 1212 1464; baseline -0.004 -24"><span class='ocrx_word' id='word_1_56' title='bbox 225 1367 365 1456; x_wconf 86' lang='lat' dir='ltr'>bantur,</span> <span class='ocrx_word' id='word_1_57' title='bbox 403 1369 437 1440; x_wconf 74' lang='lat' dir='ltr'>bt</span> <span class='ocrx_word' id='word_1_58' title='bbox 468 1368 622 1464; x_wconf 83' lang='lat' dir='ltr'>palantes</span> <span class='ocrx_word' id='word_1_59' title='bbox 645 1392 747 1464; x_wconf 89' lang='lat' dir='ltr'>agros</span> <span class='ocrx_word' id='word_1_60' title='bbox 772 1366 914 1456; x_wconf 88' lang='lat' dir='ltr'>vastare,</span> <span class='ocrx_word' id='word_1_61' title='bbox 949 1365 1049 1439; x_wconf 84' lang='lat' dir='ltr'>villas</span> <span class='ocrx_word' id='word_1_62' title='bbox 1073 1389 1212 1462; x_wconf 85' lang='lat' dir='ltr'>expug-</span> 
     </span>
     <span class='ocr_line' id='line_1_10' title="bbox 225 1485 1213 1585; baseline 0.002 -25"><span class='ocrx_word' id='word_1_63' title='bbox 225 1511 321 1575; x_wconf 86' lang='lat' dir='ltr'>nare,</span> <span class='ocrx_word' id='word_1_64' title='bbox 362 1486 493 1585; x_wconf 88' lang='lat' dir='ltr'>pecoris</span> <span class='ocrx_word' id='word_1_65' title='bbox 522 1491 555 1560; x_wconf 69' lang='grc' dir='ltr'>ἃ</span> <span class='ocrx_word' id='word_1_66' title='bbox 595 1487 854 1584; x_wconf 87' lang='lat' dir='ltr'>mancipiorum</span> <span class='ocrx_word' id='word_1_67' title='bbox 886 1485 1021 1583; x_wconf 83' lang='lat' dir='ltr'>praedas</span> <span class='ocrx_word' id='word_1_68' title='bbox 1045 1504 1213 1564; x_wconf 83' lang='lat' dir='ltr'>certantes</span> 
     </span>
     <span class='ocr_line' id='line_1_11' title="bbox 226 1604 1211 1705; baseline -0.004 -25"><span class='ocrx_word' id='word_1_69' title='bbox 226 1633 353 1705; x_wconf 88' lang='lat' dir='ltr'>agere:</span> <span class='ocrx_word' id='word_1_70' title='bbox 382 1633 493 1705; x_wconf 85' lang='lat' dir='ltr'>eaque</span> <span class='ocrx_word' id='word_1_71' title='bbox 516 1629 650 1682; x_wconf 86' lang='lat' dir='ltr'>mutare</span> <span class='ocrx_word' id='word_1_72' title='bbox 672 1634 754 1684; x_wconf 83' lang='lat' dir='ltr'>curn</span> <span class='ocrx_word' id='word_1_73' title='bbox 773 1605 1022 1681; x_wconf 90' lang='lat' dir='ltr'>mercatoribus</span> <span class='ocrx_word' id='word_1_74' title='bbox 1041 1604 1126 1678; x_wconf 92' lang='lat' dir='ltr'>vino</span> <span class='ocrx_word' id='word_1_75' title='bbox 1148 1606 1211 1677; x_wconf 83' lang='lat' dir='ltr'>ad-</span> 
     </span>
    </p>
   </div>
   <div class='ocr_carea' id='block_1_3' title="bbox 226 1717 1326 1825">
    <p class='ocr_par' dir='ltr' id='par_1_3' title="bbox 226 1717 1326 1825">
     <span class='ocr_line' id='line_1_12' title="bbox 226 1717 1326 1825; baseline -0.001 -24"><span class='ocrx_word' id='word_1_76' title='bbox 226 1727 383 1818; x_wconf 74' lang='lat' dir='ltr'>vectitio,</span> <span class='ocrx_word' id='word_1_77' title='bbox 426 1733 458 1804; x_wconf 78' lang='grc' dir='ltr'>δι</span> <span class='ocrx_word' id='word_1_78' title='bbox 493 1729 566 1802; x_wconf 89' lang='lat' dir='ltr'>aliis</span> <span class='ocrx_word' id='word_1_79' title='bbox 595 1728 743 1803; x_wconf 81' lang='lat' dir='ltr'>talibus:</span> <span class='ocrx_word' id='word_1_80' title='bbox 783 1748 961 1825; x_wconf 85' lang='lat' dir='ltr'>praeterea,</span> <span class='ocrx_word' id='word_1_81' title='bbox 998 1723 1213 1803; x_wconf 87' lang='lat' dir='ltr'>frumentum</span> <span class='ocrx_word' id='word_1_82' title='bbox 1325 1717 1326 1772; x_wconf 31' lang='grc' dir='ltr'>Ψ</span> 
     </span>
    </p>
   </div>
   <div class='ocr_carea' id='block_1_4' title="bbox 134 1833 1211 2069">
    <p class='ocr_par' dir='ltr' id='par_1_4' title="bbox 134 1833 1211 2069">
     <span class='ocr_line' id='line_1_13' title="bbox 134 1833 1209 1946; baseline -0.02 -19"><span class='ocrx_word' id='word_1_83' title='bbox 134 1833 146 1920; x_wconf 56' lang='grc'>’.</span> <span class='ocrx_word' id='word_1_84' title='bbox 226 1848 368 1946; x_wconf 88' lang='lat' dir='ltr'>publice</span> <span class='ocrx_word' id='word_1_85' title='bbox 390 1850 514 1922; x_wconf 90' lang='lat' dir='ltr'>datum</span> <span class='ocrx_word' id='word_1_86' title='bbox 532 1853 698 1941; x_wconf 86' lang='lat' dir='ltr'>vendere,</span> <span class='ocrx_word' id='word_1_87' title='bbox 727 1875 855 1946; x_wconf 83' lang='lat' dir='ltr'>panem</span> <span class='ocrx_word' id='word_1_88' title='bbox 878 1849 914 1922; x_wconf 92' lang='lat' dir='ltr'>in</span> <span class='ocrx_word' id='word_1_89' title='bbox 939 1849 1011 1926; x_wconf 78' lang='lat' dir='ltr'>dies</span> <span class='ocrx_word' id='word_1_90' title='bbox 1038 1847 1209 1922; x_wconf 66' lang='lat' dir='ltr'>mercari:</span> 
     </span>
     <span class='ocr_line' id='line_1_14' title="bbox 220 1967 1211 2069; baseline -0.013 -25"><span class='ocrx_word' id='word_1_91' title='bbox 220 1970 413 2067; x_wconf 82' lang='lat' dir='ltr'>posttemO,</span> <span class='ocrx_word' id='word_1_92' title='bbox 445 1972 679 2069; x_wconf 85' lang='lat' dir='ltr'>quaecumque</span> <span class='ocrx_word' id='word_1_93' title='bbox 706 1970 776 2044; x_wconf 87' lang='lat' dir='ltr'>dici</span> <span class='ocrx_word' id='word_1_94' title='bbox 802 1990 862 2046; x_wconf 87' lang='lat' dir='ltr'>aut</span> <span class='ocrx_word' id='word_1_95' title='bbox 888 1968 975 2067; x_wconf 86' lang='lat' dir='ltr'>fingi</span> <span class='ocrx_word' id='word_1_96' title='bbox 995 1987 1128 2065; x_wconf 87' lang='lat' dir='ltr'>queunt</span> <span class='ocrx_word' id='word_1_97' title='bbox 1152 1967 1211 2064; x_wconf 83' lang='lat' dir='ltr'>ig.</span> 
     </span>
    </p>
   </div>
   <div class='ocr_carea' id='block_1_5' title="bbox 172 2089 1327 2186">
    <p class='ocr_par' dir='ltr' id='par_1_5' title="bbox 172 2089 1327 2186">
     <span class='ocr_line' id='line_1_15' title="bbox 172 2089 1327 2186; baseline 0.001 -22"><span class='ocrx_word' id='word_1_98' title='bbox 172 2116 175 2128; x_wconf 88' lang='lat'><em>·</em></span> <span class='ocrx_word' id='word_1_99' title='bbox 225 2089 336 2164; x_wconf 82' lang='lat' dir='ltr'>naviae</span> <span class='ocrx_word' id='word_1_100' title='bbox 354 2089 570 2186; x_wconf 85' lang='lat' dir='ltr'>luxuriaeque</span> <span class='ocrx_word' id='word_1_101' title='bbox 595 2093 733 2186; x_wconf 86' lang='lat' dir='ltr'>probra,</span> <span class='ocrx_word' id='word_1_102' title='bbox 764 2091 801 2163; x_wconf 94' lang='lat' dir='ltr'>in</span> <span class='ocrx_word' id='word_1_103' title='bbox 824 2093 885 2164; x_wconf 88' lang='lat' dir='ltr'>illo</span> <span class='ocrx_word' id='word_1_104' title='bbox 902 2090 1060 2164; x_wconf 87' lang='lat' dir='ltr'>exercitu</span> <span class='ocrx_word' id='word_1_105' title='bbox 1084 2089 1212 2164; x_wconf 64' lang='lat' dir='ltr'>cundia</span> <span class='ocrx_word' id='word_1_106' title='bbox 1326 2129 1327 2136; x_wconf 16' lang='grc' dir='ltr'><strong>κ</strong></span> 
     </span>
    </p>
   </div>
   <div class='ocr_carea' id='block_1_6' title="bbox 224 2209 1290 3755">
    <p class='ocr_par' dir='ltr' id='par_1_6' title="bbox 225 2209 804 2305">
     <span class='ocr_line' id='line_1_16' title="bbox 225 2209 804 2305; baseline -0.005 -22"><span class='ocrx_word' id='word_1_107' title='bbox 225 2209 332 2298; x_wconf 86' lang='lat' dir='ltr'>fuere,</span> <span class='ocrx_word' id='word_1_108' title='bbox 364 2214 397 2282; x_wconf 90' lang='lat'>&amp;</span> <span class='ocrx_word' id='word_1_109' title='bbox 417 2209 482 2282; x_wconf 84' lang='lat' dir='ltr'>alia</span> <span class='ocrx_word' id='word_1_110' title='bbox 499 2209 659 2305; x_wconf 84' lang='lat' dir='ltr'>amplius.</span> <span class='ocrx_word' id='word_1_111' title='bbox 742 2271 748 2280; x_wconf 86' lang='lat'><em>.</em></span> <span class='ocrx_word' id='word_1_112' title='bbox 801 2228 804 2240; x_wconf 93' lang='grc'><strong><em>·</em></strong></span> 
     </span>
    </p>

    <p class='ocr_par' dir='ltr' id='par_1_7' title="bbox 224 2327 1290 3755">
     <span class='ocr_line' id='line_1_17' title="bbox 250 2327 1208 2405; baseline -0.002 -1"><span class='ocrx_word' id='word_1_113' title='bbox 250 2332 366 2404; x_wconf 90' lang='lat' dir='ltr'><strong>XLV.</strong></span> <span class='ocrx_word' id='word_1_114' title='bbox 393 2332 467 2402; x_wconf 78' lang='lat' dir='ltr'>Suo</span> <span class='ocrx_word' id='word_1_115' title='bbox 486 2327 522 2400; x_wconf 93' lang='lat' dir='ltr'>in</span> <span class='ocrx_word' id='word_1_116' title='bbox 547 2353 587 2400; x_wconf 87' lang='lat' dir='ltr'>ea</span> <span class='ocrx_word' id='word_1_117' title='bbox 609 2327 813 2405; x_wconf 87' lang='lat' dir='ltr'>difficultate</span> <span class='ocrx_word' id='word_1_118' title='bbox 830 2330 1021 2404; x_wconf 88' lang='lat' dir='ltr'>Metellum</span> <span class='ocrx_word' id='word_1_119' title='bbox 1045 2356 1117 2403; x_wconf 93' lang='lat' dir='ltr'>non</span> <span class='ocrx_word' id='word_1_120' title='bbox 1141 2329 1208 2404; x_wconf 90' lang='lat' dir='ltr'>mi-</span> 
     </span>
     <span class='ocr_line' id='line_1_18' title="bbox 224 2447 1209 2548; baseline 0.002 -25"><span class='ocrx_word' id='word_1_121' title='bbox 224 2475 302 2539; x_wconf 90' lang='lat' dir='ltr'>nus,</span> <span class='ocrx_word' id='word_1_122' title='bbox 322 2475 428 2546; x_wconf 88' lang='lat' dir='ltr'>quam</span> <span class='ocrx_word' id='word_1_123' title='bbox 447 2448 483 2521; x_wconf 93' lang='lat' dir='ltr'>in</span> <span class='ocrx_word' id='word_1_124' title='bbox 502 2450 603 2524; x_wconf 88' lang='lat' dir='ltr'>rebus</span> <span class='ocrx_word' id='word_1_125' title='bbox 621 2447 816 2539; x_wconf 88' lang='lat' dir='ltr'>hostilibus,</span> <span class='ocrx_word' id='word_1_126' title='bbox 836 2475 1006 2548; x_wconf 85' lang='lat' dir='ltr'>magnum</span> <span class='ocrx_word' id='word_1_127' title='bbox 1024 2454 1057 2523; x_wconf 73' lang='grc' dir='ltr'>δι</span> <span class='ocrx_word' id='word_1_128' title='bbox 1077 2447 1209 2547; x_wconf 49' lang='lat' dir='ltr'>sapien„</span> 
     </span>
     <span class='ocr_line' id='line_1_19' title="bbox 227 2568 1208 2669; baseline 0.005 -28"><span class='ocrx_word' id='word_1_129' title='bbox 227 2590 299 2642; x_wconf 90' lang='lat' dir='ltr'>tem</span> <span class='ocrx_word' id='word_1_130' title='bbox 329 2569 444 2644; x_wconf 91' lang='lat' dir='ltr'>vinun</span> <span class='ocrx_word' id='word_1_131' title='bbox 472 2568 569 2646; x_wconf 82' lang='lat' dir='ltr'>fuiffe</span> <span class='ocrx_word' id='word_1_132' title='bbox 596 2568 804 2667; x_wconf 88' lang='lat' dir='ltr'>comperior.</span> <span class='ocrx_word' id='word_1_133' title='bbox 834 2571 951 2649; x_wconf 84' lang='lat' dir='ltr'>Tanta</span> <span class='ocrx_word' id='word_1_134' title='bbox 979 2572 1208 2669; x_wconf 83' lang='lat' dir='ltr'>temperantia</span> 
     </span>
     <span class='ocr_line' id='line_1_20' title="bbox 225 2685 1290 2788; baseline 0.005 -27"><span class='ocrx_word' id='word_1_135' title='bbox 225 2689 314 2763; x_wconf 89' lang='lat' dir='ltr'>inter</span> <span class='ocrx_word' id='word_1_136' title='bbox 329 2685 557 2766; x_wconf 74' lang='lat' dir='ltr'>ambitionem</span> <span class='ocrx_word' id='word_1_137' title='bbox 574 2689 809 2788; x_wconf 83' lang='lat' dir='ltr'>saevitiamque</span> <span class='ocrx_word' id='word_1_138' title='bbox 826 2691 1061 2768; x_wconf 83' lang='lat' dir='ltr'>moderatum.</span> <span class='ocrx_word' id='word_1_139' title='bbox 1093 2695 1208 2766; x_wconf 68' lang='lat' dir='ltr'>Nam·</span> <span class='ocrx_word' id='word_1_140' title='bbox 1284 2689 1290 2700; x_wconf 81' lang='lat'>&#39;</span> 
     </span>
     <span class='ocr_line' id='line_1_21' title="bbox 226 2809 1206 2910; baseline 0.002 -26"><span class='ocrx_word' id='word_1_141' title='bbox 226 2836 296 2908; x_wconf 90' lang='lat' dir='ltr'>que</span> <span class='ocrx_word' id='word_1_142' title='bbox 317 2810 432 2884; x_wconf 72' lang='lat' dir='ltr'>edido</span> <span class='ocrx_word' id='word_1_143' title='bbox 456 2810 611 2908; x_wconf 89' lang='lat' dir='ltr'>primum</span> <span class='ocrx_word' id='word_1_144' title='bbox 633 2809 831 2908; x_wconf 84' lang='lat' dir='ltr'>adjumenta</span> <span class='ocrx_word' id='word_1_145' title='bbox 852 2810 1002 2910; x_wconf 84' lang='lat' dir='ltr'>ignaviae</span> <span class='ocrx_word' id='word_1_146' title='bbox 1027 2811 1206 2904; x_wconf 71' lang='lat' dir='ltr'>sustulisse,</span> 
     </span>
     <span class='ocr_line' id='line_1_22' title="bbox 227 2929 1208 3030; baseline 0.004 -26"><span class='ocrx_word' id='word_1_147' title='bbox 227 2938 255 2974; x_wconf 89' lang='lat'><strong>“</strong></span> <span class='ocrx_word' id='word_1_148' title='bbox 274 2957 319 3004; x_wconf 93' lang='lat' dir='ltr'>ne</span> <span class='ocrx_word' id='word_1_149' title='bbox 337 2930 521 3030; x_wconf 86' lang='lat' dir='ltr'>quisquam</span> <span class='ocrx_word' id='word_1_150' title='bbox 538 2929 575 3009; x_wconf 88' lang='lat' dir='ltr'>in</span> <span class='ocrx_word' id='word_1_151' title='bbox 592 2930 706 3004; x_wconf 87' lang='lat' dir='ltr'>castris</span> <span class='ocrx_word' id='word_1_152' title='bbox 725 2958 866 3028; x_wconf 88' lang='lat' dir='ltr'>panem,</span> <span class='ocrx_word' id='word_1_153' title='bbox 896 2953 956 3006; x_wconf 86' lang='lat' dir='ltr'>aut</span> <span class='ocrx_word' id='word_1_154' title='bbox 973 2959 1080 3030; x_wconf 86' lang='lat' dir='ltr'>quern</span> <span class='ocrx_word' id='word_1_155' title='bbox 1098 2934 1208 3008; x_wconf 88' lang='lat' dir='ltr'>alium</span> 
     </span>
     <span class='ocr_line' id='line_1_23' title="bbox 227 3051 1283 3152; baseline 0.003 -28"><span class='ocrx_word' id='word_1_156' title='bbox 227 3057 256 3095; x_wconf 91' lang='lat'><strong>“</strong></span> <span class='ocrx_word' id='word_1_157' title='bbox 275 3054 418 3126; x_wconf 65' lang='lat' dir='ltr'>codrum</span> <span class='ocrx_word' id='word_1_158' title='bbox 437 3051 556 3124; x_wconf 89' lang='lat' dir='ltr'>cibum</span> <span class='ocrx_word' id='word_1_159' title='bbox 574 3053 764 3139; x_wconf 80' lang='lat' dir='ltr'>venderct3</span> <span class='ocrx_word' id='word_1_160' title='bbox 786 3079 830 3125; x_wconf 91' lang='lat' dir='ltr'>ne</span> <span class='ocrx_word' id='word_1_161' title='bbox 846 3054 927 3127; x_wconf 83' lang='lat' dir='ltr'>lixae</span> <span class='ocrx_word' id='word_1_162' title='bbox 946 3053 1140 3132; x_wconf 85' lang='lat' dir='ltr'>exercitum</span> <span class='ocrx_word' id='word_1_163' title='bbox 1156 3052 1207 3152; x_wconf 76' lang='lat' dir='ltr'>se-</span> <span class='ocrx_word' id='word_1_164' title='bbox 1280 3093 1283 3098; x_wconf 85' lang='lat'>·</span> 
     </span>
     <span class='ocr_line' id='line_1_24' title="bbox 226 3169 1221 3272; baseline 0.004 -30"><span class='ocrx_word' id='word_1_165' title='bbox 226 3177 254 3220; x_wconf 71' lang='lat'>‘⁶</span> <span class='ocrx_word' id='word_1_166' title='bbox 273 3189 481 3267; x_wconf 85' lang='lat' dir='ltr'>querentur3</span> <span class='ocrx_word' id='word_1_167' title='bbox 512 3194 557 3242; x_wconf 86' lang='lat' dir='ltr'>ne</span> <span class='ocrx_word' id='word_1_168' title='bbox 580 3170 679 3258; x_wconf 80' lang='lat' dir='ltr'>miles</span> <span class='ocrx_word' id='word_1_169' title='bbox 702 3174 878 3272; x_wconf 83' lang='lat' dir='ltr'>gregarius</span> <span class='ocrx_word' id='word_1_170' title='bbox 901 3174 936 3246; x_wconf 91' lang='lat' dir='ltr'>in</span> <span class='ocrx_word' id='word_1_171' title='bbox 961 3174 1086 3264; x_wconf 84' lang='lat' dir='ltr'>castris,</span> <span class='ocrx_word' id='word_1_172' title='bbox 1117 3169 1221 3248; x_wconf 84' lang='lat' dir='ltr'>neve&#39;</span> 
     </span>
     <span class='ocr_line' id='line_1_25' title="bbox 228 3287 1210 3389; baseline 0.005 -27"><span class='ocrx_word' id='word_1_173' title='bbox 228 3290 310 3362; x_wconf 90' lang='lat' dir='ltr'>“in</span> <span class='ocrx_word' id='word_1_174' title='bbox 344 3288 485 3387; x_wconf 86' lang='lat' dir='ltr'>agmine</span> <span class='ocrx_word' id='word_1_175' title='bbox 518 3287 654 3364; x_wconf 86' lang='lat' dir='ltr'>servum</span> <span class='ocrx_word' id='word_1_176' title='bbox 687 3313 748 3368; x_wconf 80' lang='lat' dir='ltr'>aut</span> <span class='ocrx_word' id='word_1_177' title='bbox 777 3290 979 3389; x_wconf 86' lang='lat' dir='ltr'>jumentum</span> <span class='ocrx_word' id='word_1_178' title='bbox 1015 3297 1156 3369; x_wconf 86' lang='lat' dir='ltr'>haberet</span> <span class='ocrx_word' id='word_1_179' title='bbox 1169 3297 1210 3381; x_wconf 83' lang='lat'>;’¹</span> 
     </span>
     <span class='ocr_line' id='line_1_26' title="bbox 227 3399 1207 3500; baseline 0.006 -18"><span class='ocrx_word' id='word_1_180' title='bbox 227 3411 348 3484; x_wconf 89' lang='lat' dir='ltr'>ceteris</span> <span class='ocrx_word' id='word_1_181' title='bbox 373 3430 444 3491; x_wconf 85' lang='lat' dir='ltr'>arte</span> <span class='ocrx_word' id='word_1_182' title='bbox 470 3411 619 3482; x_wconf 91' lang='lat' dir='ltr'>modum</span> <span class='ocrx_word' id='word_1_183' title='bbox 646 3410 806 3494; x_wconf 73' lang='lat' dir='ltr'>statuiffe,</span> <span class='ocrx_word' id='word_1_184' title='bbox 823 3399 991 3500; x_wconf 82' lang='lat' dir='ltr'>Praeterea</span> <span class='ocrx_word' id='word_1_185' title='bbox 1007 3414 1207 3496; x_wconf 83' lang='lat' dir='ltr'>transvorfis</span> 
     </span>
     <span class='ocr_line' id='line_1_27' title="bbox 226 3529 1208 3631; baseline 0.015 -30"><span class='ocrx_word' id='word_1_186' title='bbox 226 3529 402 3604; x_wconf 89' lang='lat' dir='ltr'>itineribus</span> <span class='ocrx_word' id='word_1_187' title='bbox 432 3529 589 3627; x_wconf 87' lang='lat' dir='ltr'>quotidie</span> <span class='ocrx_word' id='word_1_188' title='bbox 622 3531 728 3604; x_wconf 85' lang='lat' dir='ltr'>castra</span> <span class='ocrx_word' id='word_1_189' title='bbox 762 3559 918 3623; x_wconf 89' lang='lat' dir='ltr'>movere,</span> <span class='ocrx_word' id='word_1_190' title='bbox 954 3533 1070 3631; x_wconf 84' lang='lat' dir='ltr'>juxta,</span> <span class='ocrx_word' id='word_1_191' title='bbox 1109 3563 1149 3610; x_wconf 89' lang='lat' dir='ltr'>ac</span> <span class='ocrx_word' id='word_1_192' title='bbox 1185 3541 1208 3616; x_wconf 84' lang='lat' dir='ltr'>st</span> 
     </span>
     <span class='ocr_line' id='line_1_28' title="bbox 224 3651 1208 3755; baseline 0.005 -29"><span class='ocrx_word' id='word_1_193' title='bbox 224 3652 513 3739; x_wconf 84' lang='lat' dir='ltr'>hostesadeffent,</span> <span class='ocrx_word' id='word_1_194' title='bbox 543 3651 636 3725; x_wconf 87' lang='lat' dir='ltr'>vallo</span> <span class='ocrx_word' id='word_1_195' title='bbox 652 3672 757 3748; x_wconf 89' lang='lat' dir='ltr'>atque</span> <span class='ocrx_word' id='word_1_196' title='bbox 782 3652 867 3725; x_wconf 85' lang='lat' dir='ltr'>foffa</span> <span class='ocrx_word' id='word_1_197' title='bbox 894 3655 1044 3746; x_wconf 85' lang='lat' dir='ltr'>munire,</span> <span class='ocrx_word' id='word_1_198' title='bbox 1072 3655 1208 3755; x_wconf 86' lang='lat' dir='ltr'>vigilias</span> 
     </span>
    </p>
   </div>
   <div class='ocr_carea' id='block_1_7' title="bbox 116 3765 1216 3873">
    <p class='ocr_par' dir='ltr' id='par_1_8' title="bbox 116 3765 1216 3873">
     <span class='ocr_line' id='line_1_29' title="bbox 116 3765 1216 3873; baseline 0.016 -32"><span class='ocrx_word' id='word_1_199' title='bbox 116 3765 124 3770; x_wconf 81' lang='grc'><strong>’</strong></span> <span class='ocrx_word' id='word_1_200' title='bbox 228 3773 361 3851; x_wconf 79' lang='lat' dir='ltr'>crebras</span> <span class='ocrx_word' id='word_1_201' title='bbox 390 3797 532 3870; x_wconf 78' lang='lat' dir='ltr'>ponere,</span> <span class='ocrx_word' id='word_1_202' title='bbox 571 3769 703 3870; x_wconf 72' lang='lat' dir='ltr'>&amp;ipse</span> <span class='ocrx_word' id='word_1_203' title='bbox 736 3799 817 3852; x_wconf 88' lang='lat' dir='ltr'>cum</span> <span class='ocrx_word' id='word_1_204' title='bbox 845 3775 966 3873; x_wconf 79' lang='lat' dir='ltr'>tegatis.</span> <span class='ocrx_word' id='word_1_205' title='bbox 995 3775 1177 3859; x_wconf 78' lang='lat' dir='ltr'>circumire</span> <span class='ocrx_word' id='word_1_206' title='bbox 1194 3804 1216 3868; x_wconf 78' lang='lat' dir='ltr'>t,</span> 
     </span>
    </p>
   </div>
   <div class='ocr_carea' id='block_1_8' title="bbox 0 0 1338 4686">
    <p class='ocr_par' dir='ltr' id='par_1_9' title="bbox 0 0 1338 4686">
     <span class='ocr_line' id='line_1_30' title="bbox 0 0 1338 4686; baseline 0 0"><span class='ocrx_word' id='word_1_207' title='bbox 0 0 1338 4686; x_wconf 95' lang='lat' dir='ltr'> </span> 
     </span>
    </p>
   </div>
  </div>
 </body>
</html>
