2664 4692
217 308 292 386 μό
485 299 792 377 §annosus
840 303 1005 378 Hlsr.

218 476 406 550 ostentant.
435 475 543 550 Nunc
560 474 677 574 quaeso
693 475 884 564 considera,
903 473 1005 549 nobis
1021 477 1202 571 oppreffis‚

217 621 341 672 utrum
359 596 550 670 firmiorem
567 617 602 668 te
619 598 663 678 ad
681 597 919 684 resistendum,
932 621 977 668 an
994 597 1104 670 finem
1120 597 1205 670 belli

222 718 380 792 futurum
397 721 523 817 putes?
546 715 621 792 scio
652 717 821 816 equidem
846 715 913 791 tibi
939 743 1086 815 magnas
1118 743 1204 814 opes

218 840 392 929 virosum,
405 863 599 928 armorum,
618 843 652 912 &
670 838 746 914 auri
762 840 852 912 effe:
881 843 914 912 δι
933 863 974 910 ea
998 861 1037 910 re
1059 863 1082 910 a
1101 838 1204 912 nobis

220 961 267 1034 ad
285 959 498 1050 societatem,
529 961 576 1035 ab
593 959 661 1038 iliis
677 961 723 1038 ad
741 960 898 1056 praedam
916 958 1051 1056 peteris.
1101 959 1205 1032 Cete-

221 1107 300 1156 rum
322 1079 502 1156 confilium
529 1079 580 1152 est
607 1080 784 1180 Tigranis,
820 1105 930 1178 regno
946 1079 1098 1178 integro,
1118 1078 1205 1154 meis

218 1201 393 1280 militibus
420 1200 527 1300 [belli
556 1201 822 1300 prudentibus]
852 1203 1048 1299 proculab
1078 1202 1204 1292 domo,

220 1347 330 1420 parvo
346 1323 477 1412 labore,
496 1347 556 1420 per
572 1321 687 1399 nostra
698 1347 847 1420 corpora
864 1323 997 1402 bellum
1013 1325 1201 1398 conficere:

221 1445 407 1541 quomodo
423 1468 539 1542 neque
556 1443 709 1532 vincere,
727 1469 843 1541 neque
859 1441 953 1517 vinei
971 1447 1039 1518 fine
1055 1465 1119 1518 tuo
1145 1473 1204 1544 pe,

220 1564 334 1639 riculo
351 1566 539 1661 poffumus.
557 1570 617 1642 An
634 1564 789 1664 ignoras,
808 1568 1005 1655 Romanos,
1019 1566 1211 1664 postquam-

220 1688 267 1762 ad
284 1687 506 1762 occidentem
525 1686 749 1784 pergentibus
778 1687 886 1760 finem
917 1688 1078 1764 Oceanus
1106 1687 1205 1780 fecit,

220 1835 319 1891 arma
336 1810 406 1886 hue
422 1807 655 1884 convertisse?
683 1831 798 1905 neque
815 1806 1009 1908 quicquam
1032 1836 1052 1882 a
1073 1799 1218 1908 princiss

221 1930 283 2030 pio
299 1933 360 2005 nisi
378 1950 516 2025 raptum
534 1930 675 2018 habere,
705 1930 870 2018 domum,
888 1927 1068 2028 conjuges,
1086 1915 1205 2028 agros,

221 2049 440 2147 imperium?
465 2075 641 2122 convenas
669 2050 770 2139 olim,
788 2053 863 2122 ‘fine
891 2049 1012 2146 patria,
1041 2051 1110 2122 fine
1143 2077 1205 2147 pa-

219 2171 387 2258 rentibus,
420 2170 513 2267 peste
541 2170 702 2247 conditos
732 2169 827 2242 orbis
852 2191 1043 2244 tensarum:
1074 2171 1207 2268 quibus

220 2317 297 2377 non
313 2293 467 2386 humana
481 2292 566 2380 ulla,
586 2316 703 2390 neque
718 2289 839 2364 divina
855 2291 1007 2382 obstant,
1036 2289 1123 2389 quin
1151 2290 1206 2366 so,

220 2412 307 2502 cios,
325 2409 470 2500 amicos,
489 2413 629 2508 procui,
651 2410 755 2510 juxta
787 2416 880 2502 fitos,
899 2411 1021 2510 inopes
1037 2412 1206 2510 potentis,

221 2556 292 2630 que
321 2530 475 2621 trahant,
504 2531 694 2618 excidant3
720 2533 909 2632 omniaque
937 2560 1011 2606 non
1036 2530 1134 2606 serva
1169 2539 1204 2608 dc

219 2663 389 2728 maxume
412 2679 522 2752 regna
549 2653 687 2728 hostilia
715 2655 854 2736 ducant.
904 2653 1071 2752 Namque
1099 2653 1205 2752 pauci

220 2775 431 2864 libertatem,
453 2801 538 2873 ¹pars
564 2801 694 2874 magna
715 2772 827 2872 justos
857 2776 1020 2856 dominos
1049 2778 1202 2857 volunt:

220 2921 283 2966 nos
313 2893 456 2990 suspedii
480 2892 741 2985 sumnsaemnfi,
765 2895 853 2970 &in
869 2917 1031 2994 tempore
1044 2897 1204 2972 vindices

94 3062 97 3070 ,
217 3012 382 3094 adfuturi
426 3016 486 3092 Tu
504 3041 601 3104 vem,
621 3015 677 3096 eui
690 3016 844 3091 Seleucia
860 3043 1029 3090 maxuma
1045 3016 1202 3106 urbium,
1316 3041 1317 3044 ¹

217 3158 441 3232 regnumque
467 3135 614 3214 Persidis
643 3135 770 3212 inclitis
803 3136 933 3216 divitiis
950 3139 1011 3227 est,
1040 3137 1128 3236 quid
1157 3140 1203 3216 ab

218 3254 299 3343 illis,
317 3252 378 3330 nifi
394 3253 518 3326 dolum
533 3253 569 3326 in
587 3247 745 3351 praesens,
772 3263 806 3336 ὃς
836 3258 954 3355 postea
981 3261 1115 3333 beilum
1140 3284 1202 3340 ex·

218 3375 376 3472 spedas?
404 3373 560 3462 Romani
578 3401 674 3450 arma
701 3376 738 3450 in
765 3377 879 3450 omnis
896 3379 1042 3469 habent,
1063 3406 1202 3454 acerrus
1224 3415 1227 3418 ·

218 3520 279 3572 ma
296 3494 420 3585 ineos,
441 3493 569 3593 quibus
586 3495 685 3568 vidis
703 3494 810 3594 spolia
827 3525 996 3574 maxuma
1011 3500 1114 3587 sunt;
1140 3529 1201 3584 au.

217 3616 337 3692 dendo
354 3621 387 3690 δε
406 3613 573 3705 fallend0,
594 3619 733 3691 &bella
748 3645 793 3692 ex
807 3619 906 3693 bellis
923 3617 1084 3711 serendo,
1099 3649 1199 3720 mag-

217 3733 255 3818 ui
284 3733 377 3820 fani.
426 3739 492 3810 Per
519 3738 613 3824 hunc
645 3763 783 3825 morem
812 3739 1198 3844 exstinguent-omnia,
