2662 4686
397 362 744 469 Jnouitr'rtn.
841 376 843 384 “
1043 406 1106 460 101

118 542 219 643 legis,
240 542 449 618 continuare
465 545 703 645 magistratum
716 547 934 626 nitebantur:
951 579 1028 650 quae
1041 555 1109 634 dif-

120 665 225 739 senfio
242 666 351 739 totius
364 665 446 740 anni
464 667 607 743 comitia
623 668 850 766 impediebat.
888 674 941 745 Ea
958 699 1055 767 mora
1071 676 1108 749 in

86 851 88 860 .
116 785 213 884 spem
232 787 407 860 adunatus
420 788 549 878 Aulus,
564 815 671 887 quem
690 817 752 887 pro
770 793 977 868 Praetore'in
994 795 1107 872 castris

8 937 9 942 ¹
117 909 280 983 relietum
298 906 401 1006 supra
418 908 586 1000 diximus,
607 930 665 1016 aut
682 913 899 990 'conficiundi
925 915 1021 1005 belli,
1045 937 1106 990 aut

114 1050 246 1118 terrore,
261 1028 436 1126 exercitus
454 1032 498 1108 ab
516 1056 598 1128 rege
617 1033 773 1128 pecuniae
791 1035 989 1132 capiundae,
1010 1037 1103 1114 mili-

114 1171 164 1224 tes
186 1147 308 1228 mense
333 1149 499 1246 Januario
531 1177 575 1232 ex
604 1153 758 1233 hibernis
784 1155 820 1232 in
839 1155 1103 1253 expeditionem

112 1293 263 1358 evocat;
292 1271 428 1368 magnis
447 1271 640 1362 itineribus,
659 1274 774 1348 hieme
791 1275 919 1374 aspera,
940 1280 1102 1376 pervenit

112 1398 158 1468 ad
173 1393 348 1492 oppidum
362 1395 500 1483 Suthul,
520 1395 580 1468 ubi
598 1395 687 1493 regis
703 1396 848 1473 thesauri
866 1421 973 1472 erant.
991 1403 1101 1499 Qod

113 1541 333 1626 quamquam
363 1521 395 1588 ὅτ
430 1513 561 1591 saevitia
578 1517 760 1612 temporis,
789 1523 1101 1617 &opportunitate

8 1721 9 1724 Ἴ
112 1637 179 1710 loci
209 1662 327 1734 neque.
352 1635 443 1733 capi,
487 1662 603 1733 neque
626 1624 774 1716 obfideri
806 1660 963 1734 poterat:
996 1646 1099 1739 (nam

110 1757 243 1830 circnm
256 1760 530 1846 murum,s1tum
547 1757 582 1832 in
602 1757 766 1856 praerupti
776 1758 905 1834 montis
923 1782 1095 1856 extremo,

111 1877 277 1975 planicies
292 1876 427 1952 limosa
454 1877 661 1950 hiemalibus
691 1879 790 1976 aquis
819 1881 986 1975 paludem
1004 1881 1095 1961 fece.

109 2002 181 2094 rat)
210 2019 330 2071 tamen
345 2019 405 2071 aut
424 1998 608 2071 fimulandi
625 1998 747 2096 gratia,
769 2025 841 2097 quo
869 2001 944 2098 regi
975 2001 1097 2078 sormi,
1139 2023 1141 2026 ’

8 2143 9 2194 3
107 2119 239 2193 dinem
257 2119 416 2204 adderet;
437 2139 495 2192 aut
513 2119 678 2216 cupidine
694 2145 822 2210 caecus,
842 2119 959 2194 vineas
977 2145 1094 2222 agere,

108 2263 279 2340 aggerem
300 2237 429 2340 jacere,
460 2240 540 2334 alia,
573 2267 652 2342 quae
685 2239 827 2378 incepto
860 2242 934 2319 usui
964 2243 1094 2342 forent,

108 2388 303 2461 properare.
487 2439 492 2444 ,

115 2475 367 2558 XXXVIII.
394 2488 454 2559 Ar
483 2487 671 2584 Jugurtha,
698 2485 841 2585 cognita
862 2488 1014 2563 vanitate
1039 2511 1091 2567 at·
1165 2469 1167 2474 .
1231 2567 1239 2592 ἱ,

106 2631 176 2705 que
193 2605 368 2704 imperitia
385 2580 503 2704 legati,
530 2605 693 2680 subdolus
721 2635 848 2706 augere
873 2611 1088 2686 amentiam.
1133 2682 1139 2691 ,
1166 2615 1171 2628 “

103 2725 263 2802 miffitare
298 2709 523 2824 supplicantis
560 2728 718 2825 legatos:
756 2727 841 2825 ipse,
870 2733 964 2826 quast
998 2730 1086 2802 vita-

106 2847 262 2937 bundus,
292 2872 354 2952 per
382 2845 524 2924 saltuosa
551 2850 687 2932 loca&
716 2848 870 2922 tramites
895 2849 1089 2924 exercitum

103 2969 260 3046 ductare.
311 2968 477 3068 Denique
495 2971 632 3046 Aulum
656 2967 715 3066 spe
732 2968 900 3065 partionis
919 2973 1086 3069 perpulit,

8 3157 9 3164 ,
103 3088 167 3178 uti,
188 3087 310 3162 relitto
323 3091 481 3180 Suthule,
501 3091 537 3164 in
555 3089 689 3168 abditas
705 3089 863 3188 regiones
882 3089 962 3182 sese,
980 3097 1088 3178 veluti

101 3211 300 3300 cedentem,
320 3209 561 3312 insequeretur.
613 3213 748 3284 Interea
766 3238 827 3308 per
843 3213 1002 3286 homines
1016 3218 1086 3288 cal·
1135 3297 1140 3304 ,

102 3329 191 3404 lidos
219 3331 277 3404 die
304 3335 479 3428 uoltuque
497 3331 687 3408 exercitum
688 3319 883 3411 tentabat:
912 3356 989 3410 cent
991 3335 1084 3411 urio·
1113 3377 1116 3386 ‹

101 3476 161 3524 nes
179 3431 356 3549 ducesque
372 3473 579 3542 turmarum,
604 3474 678 3550 part
680 3453 729 3526 im
745 3453 796 3526 uti
814 3454 1083 3553 transfugerent,

102 3570 368 3669 [corrumpere3
373 3572 391 3670 ]
419 3571 488 3661 alii,
520 3577 616 3670 figno
634 3573 729 3664 dato,
749 3577 921 3650 locumt
884 3595 921 3650 ut
924 3602 934 3646 r
926 3574 1082 3652 deser-e

98 3711 187 3770 rent.
238 3695 292 3792 Ita
311 3693 438 3766 delleta
455 3693 644 3767 occultiora
656 3693 739 3767 fore.
790 3699 880 3792 Qaae
900 3695 1087 3794 postquam*

99 3836 141 3891 ex
174 3811 347 3896 sententia·
379 3814 536 3901 instruit3
565 3815 771 3911 intempesta
804 3817 920 3906 noste,
947 3820 991 3896 de
1015 3819 1082 3899 int.
