2664 4692
21 3889 24 3938 t

22 3959 25 4042 i

23 4043 29 4244 i

215 395 400 482 Densa
423 394 691 480 Onnrnn'non.
717 385 784 478 Er.
805 399 851 478 ΙΙ.
1000 425 1070 506 ²59

87 599 249 696 strenuis,
277 609 311 678 δι
341 585 492 703 ignavis,
531 604 694 704 optabilis
723 603 784 678 est.
834 605 968 676 Verum
997 630 1075 678 eam

87 727 249 826 plerique
298 748 394 799 metu
436 723 611 816 deserunt,
654 725 855 799 stultissumi
898 726 1072 798 mortales.

88 839 203 945 Qrod
222 847 259 920 in
278 847 469 920 certamine
486 847 637 921 dubium
653 847 716 936 est,
744 845 908 945 (prorsum
926 844 1074 934 aecidat,

89 969 128 1042 id
150 993 213 1066 per
230 968 387 1041 inertiam
401 969 438 1041 in
456 966 503 1058 se,
531 973 625 1066 qnasi
644 961 741 1056 vieti,
768 967 953 1064 recipiunt.
1003 965 1076 1064 lgi-

90 1111 149 1163 tur
166 1091 303 1164 duabus
319 1092 421 1163 rebus
444 1073 645 1163 eonfi'rmari
668 1091 763 1187 posse
780 1087 936 1162 senatum
962 1109 1074 1188 putot

91 1214 279 1284 ssnutnero
309 1213 430 1284 anetus
455 1235 520 1310 per
547 1213 714 1285 tabellam
742 1209 945 1294 sententiam
979 1209 1076 1283 feret.

90 1331 240 1406 Tabella
262 1331 422 1405 obtentui
439 1331 513 1422 erit,
541 1359 613 1430 quo
631 1333 744 1432 magis
760 1333 879 1405 animo
897 1332 1008 1405 libero
1025 1329 1076 1403 sa-

91 1476 170 1527 cere
196 1454 345 1526 audeat:
374 1453 411 1525 in
429 1453 668 1544 multitudine,
697 1453 898 1552 &praefidii
921 1455 1013 1551 plus,
1041 1455 1077 1525 δε

91 1573 171 1648 usus
184 1574 337 1671 amplior
353 1573 415 1646 est.
445 1575 542 1648 Nam
556 1573 639 1665 fere,
659 1571 711 1648 his
722 1573 999 1672 tempestatibus,
1018 1573 1078 1647 alii

86 1695 227 1796 judiciis
246 1695 408 1792 publicis,
435 1692 491 1767 alii
509 1695 650 1793 privatis
667 1693 732 1769 suis
749 1716 854 1792 atque
881 1695 1078 1769 amicornm

92 1816 240 1916 negotiis
257 1816 440 1914 implicati,
467 1817 562 1890 haud
579 1814 658 1890 sane
672 1817 761 1914 reip·
785 1815 933 1890 consiliis
955 1814 1077 1894 adsue-
1099 1895 1105 1904 ,

91 1959 197 2012 runt:
225 1963 341 2036 neque
358 1963 417 2010 eos
441 1938 555 2036 magis
579 1921 779 2037 occupati0,
807 1965 916 2036 quarn
931 1936 1078 2035 superba

92 2059 241 2158 irnperia
268 2057 465 2131 distinuere.
518 2059 695 2132 Homines
713 2058 848 2133 nobiles
883 2083 966 2133 curn
991 2085 1078 2158 pau·

91 2181 142 2254 cis
159 2178 350 2270 senatoriis,
378 2207 466 2278 qnos
492 2179 732 2254 additamenta
756 2179 915 2254 fattionis
932 2184 1077 2272 habent,

92 2325 330 2402 quaecumque
353 2301 456 2376 libuit
475 2303 637 2399 probare,
664 2303 931 2400 reprehendere,
958 2294 1078 2376 decet-

91 2447 189 2514 nere,
229 2447 281 2513 ea,
316 2421 370 2496 uti
401 2421 514 2496 libido
542 2422 636 2513 tnlit,
664 2422 787 2498 facere.
838 2425 974 2498 Verum
1001 2425 1078 2516 ubi,

90 2567 242 2618 numero
270 2540 468 2616 senatorum
498 2545 613 2633 aueo,
642 2569 704 2640 per
719 2545 886 2619 tabellam
903 2543 1079 2620 sententiae

90 2665 276 2749 dicentur;
302 2689 356 2737 nae
378 2663 430 2736 illi
456 2661 653 2761 superbiam
670 2661 766 2738 snam
791 2665 985 2756 dimittent,
1017 2667 1080 2740 ubi

91 2785 133 2858 iis
162 2784 403 2860 obediendum
430 2783 509 2875 erit,
542 2783 671 2884 quibus
704 2803 804 2859 antea
836 2785 1080 2860 crudelissume

92 2905 358 3003 imperitabant.
417 2901 419 2910 ‘

148 3029 317 3116 Forsitan,
336 3025 541 3124 imperator,
569 3023 727 3125 persedis
745 3026 879 3119 litteris,
897 3029 1080 3123 desideres,

94 3145 204 3245 q'uem
222 3172 410 3220 numerum
426 3147 623 3222 senatorum
654 3149 729 3222 fieri
747 3151 907 3248 placeat:
937 3180 1081 3253 quoque

92 3270 204 3342 modo
229 3267 265 3340 in
293 3269 403 3341 multa
421 3273 454 3364 &
472 3267 566 3340 varia
584 3269 698 3343 officia
714 3271 962 3360 distribuatur;
982 3272 1081 3372 judi·

92 3387 148 3463 cia
171 3388 340 3486 quoniam
371 3387 491 3522 primae
522 3390 630 3462 classis
648 3390 818 3466 mittenda
836 3415 973 3493 putem,
1001 3421 1082 3492 quae

92 3506 293 3606 descriptio,
321 3509 383 3606 qui
402 3533 567 3582 numerus
584 3509 619 3582 in
638 3537 782 3611 quoque
801 3541 929 3612 genere
945 3513 1082 3588 futurus

93 3635 145 3703 fit.
191 3631 252 3712 Ea
282 3629 369 3702 mihi
403 3629 522 3702 omnia
545 3632 750 3728 generatim
769 3633 961 3708 describere
987 3636 1082 3710 haud

93 3751 236 3825 difficile
264 3746 359 3823 fastu
386 3748 473 3823 suit:
502 3749 559 3823 sed
589 3752 684 3848 prins
707 3755 938 3828 laborandum
968 3753 1082 3833 visum
1140 3753 1143 3760 ’

22 3947 24 3956 χ
94 3871 147 3947 est
161 3873 207 3946 de
225 3869 361 3947 summa
387 3871 531 3963 consilii,
558 3871 667 3969 idque
679 3873 747 3947 tibi
769 3876 994 3974 probandum
1021 3903 1080 3952 ve
1147 3853 1156 3868 .

565 3971 626 4044 Sa
