2662 4686
259 385 294 426 ’.
355 351 702 462 Juo'unrnn.
1000 375 1066 458 157

83 527 241 607 consulto
275 557 441 630 ptaeceps.
491 536 611 632 Qtem
640 535 760 606 locum
784 531 946 620 Marius,
970 535 1068 630 quod

84 653 131 726 ibi
148 652 241 752 regis
258 653 408 728 thesauri
425 676 536 744 erant,
560 649 697 726 summa
714 653 750 726 vi
768 679 893 751 capere
910 653 1068 726 intendit.

80 775 149 846 Sed
167 801 208 847 ea
225 800 278 848 res
297 774 399 865 sorte,
415 802 522 873 quam
541 775 696 865 consilio,
711 774 834 847 melius
850 773 955 872 gesta.
972 776 1070 847 Nam

81 895 224 968 castello
241 896 399 970 virorum
417 917 522 994 atque
538 921 718 970 armorum
747 894 838 986 satis,
864 919 994 992 magna
1018 895 1071 968 vis

82 1015 250 1090 frumenti
276 1021 310 1089 δι
333 1015 413 1090 sons
430 1043 554 1116 aquae:
581 1017 768 1116 aggeribus
792 1013 1009 1113 turribusque
1034 1020 1068 1088 δι’

81 1137 155 1210 aliis
188 1137 509 1211 machinationibus
525 1140 624 1212 locus
641 1138 886 1234 importunus:
912 1134 976 1209 iter
998 1136 1068 1210 cas·

82 1261 294 1332 tellanorum
319 1258 506 1356 angustum
528 1260 738 1348 admodum,
768 1255 946 1354 utrimque
981 1281 1069 1355 pra·-

81 1378 203 1452 cisum.
254 1377 377 1450 Vineae
405 1405 488 1452 cum
517 1378 650 1478 ingenti
675 1379 831 1477 periculo
849 1377 972 1452 frustra
985 1405 1067 1478 age-

81 1502 219 1572 bantur.
270 1501 368 1576 Nam
412 1525 495 1572 cum
534 1526 582 1574 eae
630 1502 789 1598 paullum
822 1502 1066 1598 processerant,

82 1621 172 1720 igni,
207 1641 266 1695 aut
288 1619 465 1716 lapidibus
484 1623 798 1718 corrumpebantur
816 1647 834 1690 :·
857 1620 984 1695 milites
1006 1649 1067 1694 ne·
1174 1659 1176 1666 ·
1225 1625 1227 1632 '

82 1769 152 1840 que
171 1769 234 1840 pro
251 1765 358 1839 opere
376 1731 566 1830 consistere,
582 1763 722 1840 propter
739 1739 960 1838 iniquitatem
976 1740 1066 1829 loci;

79 1889 198 1960 neque
230 1863 321 1936 inter
350 1861 467 1934 vineas
511 1865 580 1936 fine
618 1863 772 1960 periculo
801 1861 1065 1936 administrare:

82 2002 253 2080 optumus
290 1982 437 2081 quisque
472 1984 611 2074 cadere,
649 2004 708 2056 aut
748 1982 889 2057 sauciari
901 2012 912 2068 ;
949 1983 1070 2056 ceteris

81 2124 200 2177 metus
230 2105 357 2203 augeri.
531 2153 536 2172 .
788 2180 792 2195 ,
1069 2149 1071 2156 ,

90 2257 93 2264 ’
131 2227 267 2300 XCIII.
294 2231 352 2300 Ar
372 2227 525 2318 Marius,
542 2228 660 2302 multis
678 2228 801 2303 diebus
831 2233 864 2302 &
894 2226 1070 2302 laboribus

80 2345 286 2436 consumtis,
310 2349 433 2422 anxius
446 2351 579 2424 trahere
594 2377 678 2424 cum
695 2351 827 2442 animo,
849 2351 1070 2424 omitteretne

80 2469 278 2566 inceptum,
296 2470 467 2567 quoniam
484 2470 608 2545 frustra
625 2494 720 2558 erat3
747 2499 792 2544 an
807 2471 984 2545 fortunam
1002 2498 1068 2568 op-

79 2590 267 2687 periretur,
303 2617 374 2688 qua
402 2590 492 2689 saepe
526 2590 688 2690 prospere
710 2591 801 2665 usus.
868 2597 961 2688 Qiae
986 2619 1070 2665 cum

79 2713 213 2784 multos
231 2710 319 2801 dies,
344 2714 462 2784 nobles
480 2714 623 2786 aestuans
640 2711 798 2811 agitaret,
822 2711 909 2786 forte
923 2711 1071 2809 quidam

78 2833 210 2931 Ligus,
240 2858 286 2905 ex
312 2823 515 2907 cohortibus
537 2833 724 2908 auxiliariis
747 2833 847 2907 miles
873 2833 1068 2932 gregarius,

80 2953 199 3026 castris
231 2975 399 3050 aquatum
430 2958 593 3053 egressirs,
617 2956 715 3028 haud
741 2956 864 3053 procul
893 2957 939 3028 ab
966 2956 1072 3057 latere

78 3074 224 3163 castelli,
245 3076 341 3171 quod
366 3073 526 3148 avorsum
545 3077 782 3173 praeliantibus
799 3097 882 3166 erat,
909 3075 1071 3150 animum

78 3195 232 3268 advortit
259 3195 348 3268 inter
386 3195 468 3268 saxa
508 3197 657 3293 repentis
691 3199 874 3272 cochleas:
919 3225 1070 3296 quarum

79 3341 161 3388 cum
192 3343 301 3388 unam
329 3336 444 3414 atque,
464 3319 623 3407 alteram,
661 3318 744 3390 dein
780 3321 896 3416 plures
916 3339 1070 3415 peteret,

79 3437 198 3532 studio
223 3438 370 3535 legundi
389 3438 569 3534 paullatim
588 3465 698 3536 prope
710 3440 754 3512 ad
772 3437 950 3512 summum
965 3425 1070 3510 mon-

79 3558 126 3631 tis·
151 3561 306 3657 egressus
330 3558 398 3632 est.
460 3559 538 3634 Ubi
565 3559 751 3657 postquam
773 3558 996 3632 solitudinem
1017 3558 1071 3632 in·

80 3677 228 3768 tellexi't,
254 3678 354 3752 more
371 3679 518 3753 humani
535 3679 683 3778 ingenii,
710 3679 843 3777 cupido
873 3679 996 3776 ignara
1018 3681 1071 3754 vi·

78 3797 180 3874 sundi
199 3799 356 3874 invadet.
408 3803 459 3874 Et¹
485 3799 574 3876 sorte
599 3801 636 3875 in
661 3799 703 3874 'eo
729 3803 809 3874 loco
835 3799 976 3898 grandis
1001 3802 1071 3876 ilex
