2662 4686
403 331 748 425 Jbounrum
1047 363 1112 438 tm

120 529 248 580 carum
275 501 407 608 ¹timere
439 504 612 582 libertati:
646 509 743 582 Aulo
769 531 891 582 omnes
922 507 1049 602 infesti,
1073 537 1114 586 ac
1150 499 1153 508 ,

124 621 311 716 maxume,
346 625 408 724 qui
425 627 519 701 bello
538 627 628 726 saepe
645 628 801 726 praelati
817 628 978 716 fuerant,
1016 634 1113 729 quod

123 765 279 820 armatus
314 747 487 821 dedecore
516 748 645 845 potius,
677 775 785 848 quam
814 776 936 840 manu,
968 749 1114 828 salutem

126 867 341 967 quaefiverat.
384 870 445 942 Ob
462 893 503 942 ea
518 869 650 970 Consul!
666 870 818 944 Albinus
836 897 880 946 ex
898 872 1026 946 delioo
1045 870 1112 943 fra·

123 989 183 1064 tris
201 988 391 1078 invidiam,
410 1015 451 1062 ac
468 989 597 1063 deinde
624 991 818 1088 pericolum
842 991 981 1082 timens,
1007 993 1111 1064 Sena-

124 1130 203 1184 tum
221 1112 268 1184 de
285 1108 419 1186 foedere
436 1108 646 1184 consulebat.
698 1114 745 1184 Et
761 1132 879 1186 tamen
896 1113 1034 1188 interim
1051 1139 1113 1188 ex·

122 1229 250 1304 ercitoi
277 1228 561 1328 supplementum
583 1227 756 1306 scribere:
783 1235 828 1305 ab
854 1232 952 1308 sociis
979 1238 1012 1307 δι
1047 1259 1111 1307 no-

121 1351 221 1426 mine
257 1352 391 1426 Latino
424 1352 554 1426 auxilia
582 1357 767 1427 arceffere:
810 1354 963 1453 denique
998 1355 1113 1428 modis

123 1474 291 1550 omnibus
307 1473 477 1548 festinare.
513 1477 656 1550 Senatus
673 1476 733 1564 ita,
752 1473 803 1548 uti
821 1501 882 1572 par
898 1475 1022 1566 fuerat,
1049 1477 1111 1548 de-

124 1595 249 1686 cernit,
295 1581 367 1668 suo
402 1619 539 1682 Ardua
572 1618 714 1668 norunt
753 1621 909 1688 tuJussu
941 1623 1111 1672 nunaunt

126 1741 317 1790 noru1sstt
348 1737 483 1792 atauus
517 1742 641 1792 araur.
715 1717 845 1794 Consul
875 1717 1064 1814 impeditus
1093 1745 1140 1798 a¹

122 1836 279 1912 tribunis
298 1837 409 1935 plebis
426 1863 484 1927 ne,
515 1863 602 1936 quas
634 1859 815 1935 paraverat
832 1836 963 1934 copias,
994 1835 1110 1912 secum

121 1978 296 2057 portaret,
322 1941 440 2055 paucis
470 1957 593 2032 diebus
621 1958 658 2032 in
687 1957 844 2034 Africam
873 1955 1110 2058 proficiscitur.

120 2081 226 2152 Nam
252 2078 363 2152 omnis
391 2078 576 2170 exercitus,
603 2079 655 2153 uti
685 2100 907 2170 convenerat,
925 2076 1111 2155 Numidia

122 2200 311 2290 deductus,
338 2199 375 2273 in
408 2200 586 2299 provincia
618 2201 806 2276 hiemabat.
856 2201 1049 2298 Postquam
1068 2225 1113 2271 eo

122 2319 245 2398 venit:
271 2347 489 2421 quamquam
507 2321 667 2421 persequi
692 2324 906 2422 Jugurtbam
925 2327 958 2396 ὅτ
978 2319 1110 2398 mederi

121 2440 283 2518 fraternae
310 2427 451 2517 invidia
476 2443 612 2518 animus
629 2441 772 2516 ardebat
784 2472 795 2530 ;
822 2441 970 2542 cognitis
989 2440 1109 2517 militi-

122 2567 204 2654 bus,
226 2590 316 2663 quos
344 2584 468 2663 praeter
489 2563 627 2663 firgam,
652 2563 762 2664 soluto
781 2564 943 2660 imperi0,
972 2562 1111 2640 licentia
1225 2563 1234 2644 ,’

122 2705 228 2784 atque
245 2684 384 2764 lascivia
411 2704 624 2782 corruperat,
655 2710 700 2757 ex
718 2683 820 2782 copia
835 2708 951 2754 rerum
975 2683 1108 2774 statuit,
1177 2703 1180 2709 '

125 2805 211 2882 nihil
237 2807 299 2881 fibi
324 2805 542 2905 agitandum.

174 2927 259 3002 XL.
296 2929 478 3006 Iuturna
510 2932 638 3004 Rornae
666 2928 710 3000 C.
737 2925 921 3001 Mamilius
938 2924 1109 3004 ,Limeta-

126 3075 191 3124 nus
207 3049 370 3124 tribunus
389 3050 499 3146 plebis
515 3049 735 3148 rogationem
752 3051 796 3124 ad
826 3050 999 3147 populum
1029 3046 1108 3145 pro·

85 3171 277 3270 fmulgat,
307 3178 334 3214 “
351 3169 404 3244 uti
421 3192 633 3268 quaereretur
649 3171 686 3244 in
703 3197 784 3270 eos,
796 3196 948 3268 quorum
966 3169 1109 3244 confilio
1153 3193 1156 3213 ·

127 3299 154 3335 “
172 3293 353 3391 Jugurtha
365 3291 479 3365 Senati
496 3293 633 3365 decreta
649 3291 853 3391 neglegiffet
869 3321 879 3378 3
907 3291 1040 3389 quique
1064 3291 1110 3362 ab

128 3418 217 3487 “eo
242 3412 280 3485 in
314 3412 561 3511 legationibus,
582 3435 651 3508 waut
677 3413 835 3510 ‚imperiis
865 3410 1027 3509 pecunias
1050 3433 1108 3480 ac-

128 3538 155 3576 “
173 3532 365 3633 cepiffent;
395 3533 457 3630 qui
480 3535 694 3632 elephantos,
713 3535 844 3632 quique
861 3530 1023 3630 perfugas
1039 3551 1108 3602 tra-

129 3659 156 3701 “
172 3655 360 3740 didiffent;
384 3653 469 3728 item
487 3654 548 3752 qui
565 3657 610 3728 de
628 3681 726 3752 pace,
745 3677 804 3727 aut
821 3655 915 3727 bello
932 3677 1014 3724 cum
1031 3651 1109 3730 hos-

47 3793 49 3798 ’
125 3781 153 3825 “
170 3776 266 3852 tibus
286 3774 461 3874 pactiones
478 3772 671 3851 feciffent.''
721 3775 821 3850 Huic
839 3769 1011 3871 rogationi
1029 3797 1108 3871 par·-

582 3899 624 3970 H
648 3923 673 3988 4
