2672 4682
203 297 251 366 40
413 261 1006 342 ecmsnsrrrausru

203 441 303 518 riculi
338 439 489 540 reliquos
510 439 600 512 illius
630 435 782 533 potentia
798 455 940 534 tegeret.
991 435 1064 510 Alii
1092 439 1193 512 Tar-

204 563 368 663 quinium
396 589 417 634 a
443 561 612 634 Cicerone
636 555 994 664 immiffumnajebant,
1024 583 1068 630 ne
1084 559 1195 635 Cras-

203 683 270 776 sus,
290 709 388 758 more
406 680 478 772 su0‚
507 677 661 775 suscepto
684 679 860 751 malorum
878 677 1073 774 patrocinio
1090 705 1193 754 rem·

204 806 383 904 publicam
400 802 629 876 conturbaret.
680 797 799 896 Ipsum
830 790 988 872 Crallum
1012 823 1080 898 ego
1105 801 1192 898 pos.

204 947 260 1000 tea
288 922 534 1024 pradicantem
559 919 691 1010 audivi,
714 940 846 994 tantam
875 920 971 994 illam
999 935 1190 996 contrane-

205 1047 290 1120 liam
319 1043 377 1118 fibi
406 1044 451 1114 ab
476 1040 643 1114 Cicerone
673 1040 882 1138 impositam.

255 1166 391 1242 XLIX.
434 1162 510 1236 San
556 1159 666 1235 isdem
706 1161 923 1258 temporibus
954 1166 1012 1262 Q
1037 1165 1190 1239 Catulus

204 1293 239 1364 &
267 1289 308 1358 C.
335 1281 414 1356 Piso
438 1270 555 1381 ¹neque
579 1283 703 1379 gratia,
735 1309 849 1381 neque
866 1282 1040 1381 precibus,
1068 1312 1191 1384 neque

204 1406 315 1507 pretio
333 1405 539 1478 Ciceronem
556 1403 736 1501 impellere
749 1413 905 1502 potuere,
930 1404 983 1478 uti
1001 1432 1063 1502 per
1081 1409 1189 1482 Allo-

205 1532 342 1625 broges,
369 1545 429 1598 aut
441 1525 549 1598 alium
565 1525 717 1599 indicem
734 1526 776 1598 C.
794 1523 905 1598 Caesar
921 1523 1004 1598 falso
1022 1517 1188 1603 nomiria-

202 1668 308 1722 retur.
358 1649 454 1719 Nam
472 1667 620 1744 uterque
638 1673 720 1720 cum
750 1645 812 1718 illo
843 1646 958 1746 gravis
986 1646 1203 1723 inimicitias-

203 1770 435 1845 exercebant:
467 1763 545 1839 Piso
562 1755 784 1865 obpugnatus
813 1767 850 1839 in
869 1765 1005 1866 judicio
1022 1791 1187 1867 repetun-

204 1895 340 1978 darum,
372 1909 514 1986 propter
545 1885 723 1985 cujusdam
750 1888 988 1988 Transpadani
1020 1889 1188 1987 supplici-

203 1994 266 2084 um
290 2006 484 2106 injustum:
511 2009 654 2082 Catulus
681 2009 929 2107 expetitione
955 2009 1187 2086 Pontificatus

203 2129 285 2207 odio
302 2127 472 2218 incensus,
493 2129 590 2225 quod
607 2150 764 2202 extrema
782 2149 894 2219 aetate,
925 2132 1101 2234 maxumis
1118 2135 1186 2207 ho-

204 2251 348 2325 noribus
364 2248 456 2340 usus,
480 2251 524 2322 ab
541 2248 798 2322 adolescentulo
820 2247 952 2322 Caesare
981 2251 1091 2325 vidus
1116 2255 1186 2328 dis-

205 2374 354 2446 cefferat.
405 2375 477 2444 Res
495 2389 613 2442 autem
631 2387 829 2465 opportuna
846 2368 1055 2457 videbatur3
1087 2379 1188 2474 quod

204 2487 369 2592 privatim
400 2491 540 2590 egregia
567 2488 785 2580 liberalitate,
830 2491 969 2587 publice
1008 2496 1188 2570 maxumis

120 2634 123 2642 ·
204 2611 406 2684 muneribus
452 2613 621 2710 grandem
659 2610 846 2707 pecuniam
893 2613 1054 2686 debebat.
1117 2617 1187 2690 Sed

66 2753 75 2762 ’
177 2732 265 2805 ‘ubi
297 2730 484 2832 Consulem
511 2733 556 2805 ad
585 2751 723 2805 tantum
748 2729 882 2804 facinus
911 2732 1092 2830 impellere
1123 2764 1185 2810 ne-

205 2873 353 2950 queunt,
372 2853 432 2950 ipfi
452 2853 650 2952 singulatim
662 2853 925 2944 circumeund0,
942 2875 1048 2954 atque
1065 2883 1184 2940 emen-

204 2973 342 3064 tiund0,
373 3001 451 3071 quae
476 2973 510 3047 se
543 3000 588 3047 ex
617 2975 815 3065 Volturci0,
851 2995 911 3048 aut
929 2977 1186 3076 Allobrogibus

203 3093 335 3166 audiffe
353 3093 521 3184 dicerent,
541 3121 708 3192 magnam
743 3095 793 3166 illi
819 3091 988 3192 invidiam
1006 3101 1198 3172 contrave-1

204 3231 281 3298 rant
295 3243 305 3299 3
349 3211 457 3310 usque
487 3240 543 3304 eo,
580 3234 620 3286 ut
650 3216 809 3288 nonnulli
844 3217 977 3315 equites
1012 3219 1184 3311 Romani,

133 3333 136 3340 ’
204 3333 266 3429 qui
285 3332 431 3430 praesrdii
461 3337 671 3410 canliacum
704 3335 779 3408 telis
805 3357 901 3410 erant
924 3339 1057 3412 circum
1086 3341 1184 3412 Con·
1264 3363 1269 3367 ·

204 3452 347 3544 cordia,
370 3451 427 3525 seu
454 3453 599 3550 periculi
630 3455 885 3554 magnitudine,
914 3458 971 3532 seu
994 3457 1102 3541 animi
1120 3484 1185 3530 no-

156 3606 163 3620 ,
204 3571 337 3648 bilitate
353 3572 506 3670 impulfi,
535 3599 606 3673 quo
630 3575 783 3654 studium
812 3578 912 3654 suum
933 3579 969 3652 in
990 3561 1186 3676 rempubli·
