2662 4686
382 321 725 416 joannini.
1024 351 1093 428 rm

100 501 146 576 tis
162 499 202 573 in
218 495 422 586 solitudine,
449 515 508 570 aut
524 493 611 595 fuga
626 495 792 595 coegiffet
809 479 946 572 habere.
972 501 1095 600 ltaque

99 624 253 696 Senatus
277 645 327 692 on
361 642 413 708 aa
441 642 657 694 rarrcrren
677 642 781 692 acra
800 643 863 694 ms
881 635 1092 698 rnnonra-

102 755 222 818 arans
255 763 471 816 servarein
502 764 769 814 necannnne:
806 738 927 814 civitas
959 743 1095 840 trepida

102 885 205 942 antea
224 859 418 937 &sollicita
435 861 480 936 de
496 861 579 936 belli
596 881 740 951 eventu,
758 861 837 936 laeta
848 883 951 959 agere
967 891 976 936 z
1002 862 1096 941 fama

102 987 148 1060 de
171 985 328 1081 Metello
345 984 513 1080 praeclara
528 985 607 1060 effe.
657 981 771 1082 Igitur
791 1009 834 1055 eo
858 982 1022 1060 intentior
1047 987 1094 1060 ad

103 1105 292 1180 vietoriam
319 1103 398 1195 niti,
427 1103 592 1180 omnibus
620 1104 736 1180 modis
765 1101 939 1197 festinare,
973 1129 1097 1184 cavere
1207 1171 1212 1190 .

103 1246 240 1318 tamen,
268 1224 397 1300 necubi
407 1225 497 1300 hosti
509 1219 729 1329 opportunus
746 1227 861 1322 fieret:
885 1229 1095 1322 meminiffe,

104 1349 184 1446 post
201 1347 351 1447 gloriam
367 1346 537 1422 invidiam
555 1346 663 1445 sequi.
713 1349 765 1422 Ita
782 1373 855 1446 quo
872 1349 993 1422 clarior
1009 1372 1094 1442 erat,
1185 1419 1191 1434 ,

104 1494 150 1544 co
167 1468 281 1568 magis
298 1467 406 1541 animi
422 1467 566 1542 anxius:
588 1494 702 1573 neque
715 1469 793 1566 post
809 1469 946 1544 insidias
963 1473 1096 1570 Jugur·
1143 1544 1145 1550 .

105 1592 176 1664 thae
193 1588 301 1664 effuso
313 1588 468 1666 exercitu
479 1587 626 1700 predari
643 1615 651 1660 ε
669 1588 732 1662 ubi
748 1587 939 1681 frumento,
954 1613 1013 1666 aut
1032 1619 1095 1690 pa-

105 1713 193 1785 bulo
207 1735 299 1809 opus
314 1730 401 1800 erat,
421 1712 679 1808 cohortesccum
696 1709 795 1782 omni
808 1710 964 1808 equitatu
981 1719 1096 1808 praefi-

105 1832 211 1906 dium
229 1831 429 1928 agitabant:
468 1830 641 1904 exercitus
672 1827 908 1928 panisnipse,
939 1829 1098 1930 [reliquos

108 1952 248 2028 Marius
261 1954 424 2026 ducebat.
437 1952 506 2026 Sed
518 1951 594 2050 igni
610 1951 849 2048 magis,quam
867 1952 998 2049 praeda,
1017 1977 1099 2052 ager

108 2075 323 2148 vastabatur.
347 2076 498 2148 Duobus
511 2072 610 2163 locis,
629 2074 724 2145 haud
740 2074 846 2172 longe
862 2073 953 2150 inter
964 2073 1011 2166 se,
1026 2074 1097 2149 cas-

109 2214 165 2268 tra
181 2193 362 2270 faciebant.
413 2193 491 2270 Ubi
514 2193 550 2267 vi
572 2219 661 2290 opus
683 2213 770 2284 erat,
797 2194 913 2292 cancii
930 2195 1095 2270 aderant:

94 2335 277 2407 ¹ceterum,
293 2343 364 2419 quo
380 2299 467 2416 fuga
478 2335 585 2414 atque
602 2312 759 2409 formido
776 2315 877 2390 latius
893 2315 1096 2409 crescerent,
1133 2299 1136 2306 ¹

109 2438 239 2513 divorsi
252 2439 415 2538 agebant.
468 2440 524 2512 Eo
536 2456 697 2534 ternpore
709 2437 887 2536 Jugurtha
915 2463 978 2534 per
999 2439 1099 2514 collis

107 2559 230 2660 sequi:
256 2579 411 2657 tempus,
447 2579 507 2632 aut
529 2560 648 2632 locum
671 2579 801 2656 pugnae
825 2580 1002 2654 quaerere:
1028 2587 1100 2659 qua

107 2701 297 2760 venturum
313 2679 451 2754 hostem
467 2679 639 2768 audierat,
669 2677 841 2774 pabulum
867 2681 901 2750 δι
925 2703 1098 2775 aquarum

112 2799 233 2893 fontis,
258 2825 411 2900 quorum
438 2798 581 2898 penuria
603 2818 692 2890 erat,
716 2817 939 2903 conrumpere
956 2827 964 2870 ι
981 2783 1100 2874 'modo

110 2921 141 2996 se
158 2921 327 3014 Metello,
345 2919 522 3000 interdum
535 2920 655 2997 Mario
677 2919 881 3005 ostendere3
906 2920 1099 3018 postremas

110 3042 146 3120 in
176 3042 321 3141 agmine
356 3063 503 3142 tentare,
540 3069 580 3116 ac
614 3041 726 3121 statim
752 3040 789 3120 in
819 3041 918 3116 collis
948 3045 1098 3142 regredi,

110 3162 228 3238 rursus
251 3163 339 3256 aliis,
366 3164 442 3260 post
475 3161 550 3238 aliis
575 3163 751 3238 minitari:
787 3187 903 3263 neque
938 3163 1099 3262 praelium

113 3283 241 3376 facere,
273 3311 388 3383 neque
420 3285 534 3362 otium
559 3284 658 3384 pati3
684 3288 933 3381 tantummodo
961 3287 1100 3363 hostem

112 3407 156 3479 ab
180 3406 324 3503 incepto
349 3405 508 3480 retinere.
678 3397 681 3406 ἡ

162 3529 261 3600 LVI.
297 3531 502 3602 Ronanus
525 3528 711 3626 imperator
725 3529 788 3603 ubi
804 3527 838 3602 se
856 3528 946 3602 dolis
963 3525 1117 3626 farigari-

114 3645 223 3739 videt,
263 3669 378 3746 neque
414 3636 458 3724 ab
490 3649 589 3756 noste
623 3649 762 3746 copiam
790 3647 971 3748 pugnandi
998 3649 1099 3738 fieri3
1173 3743 1175 3762 μ

113 3770 436 3876 urbenrmagnam,
463 3775 495 3844 &
519 3771 555 3844 in
576 3791 615 3844 ea
638 3757 747 3868 parte,
770 3797 841 3873 qua
859 3774 1014 3882 sitaerat,
1045 3795 1100 3851 ar·

581 3893 646 3986 14
