2662 4686
223 333 290 406 168
438 325 700 402 C.Crrsr1
735 327 1039 402 Saccusrrr

222 513 250 549 “
269 503 443 594 tudinem,
475 502 602 602 pariter
634 519 671 576 te
699 519 871 576 errantem
889 505 923 576 δι
941 500 1042 578 illum
1058 483 1202 579 sc'elera·

222 633 250 670 “
268 626 448 700 ciffumum
467 622 635 722 persequi.
686 624 747 698 Ad
773 625 843 698 hoc
870 623 1005 722 populo
1029 625 1204 700 Romano
1320 635 1321 638 ’

222 744 339 844 “jam
355 745 451 844 inopi
464 743 591 836 visum,
605 743 751 836 amicos,
770 770 878 843 quarn
894 742 1009 846 selvos¹
1026 723 1202 842 quaeredca

223 873 251 911 “
269 866 377 941 tutius
391 865 468 958 rati,
488 865 700 962 volentibus,
719 887 828 964 quarn
844 865 974 940 coaeris
991 863 1206 962 imperitare.

225 987 357 1062 “Tibi
388 1011 471 1060 vero
507 988 604 1060 nulla
627 986 855 1085 opportunior
882 987 998 1062 nostra
1025 985 1203 1060 amicitia:

224 1118 254 1154 “
273 1109 443 1207 primum,
463 1109 562 1207 quod
579 1109 702 1206 procul
718 1106 896 1198 absumus,
923 1107 960 1182 in
977 1134 1050 1206 quo
1066 1107 1205 1184 offensa

223 1238 252 1275 “
272 1229 476 1319 minimum,
493 1229 601 1328 gratia
625 1255 699 1330 par,
734 1253 775 1304 ac
805 1232 828 1302 s1
857 1251 967 1326 prope
988 1230 1205 1318 adeffemusa

225 1350 357 1424 “dein
383 1351 480 1448 quod
509 1369 668 1448 parentes
692 1352 833 1424 abunde
859 1351 1042 1441 habemus,
1073 1351 1205 1426 amico·

226 1470 255 1516 ‘'‘
272 1499 352 1546 rum
371 1497 486 1569 neque
503 1470 617 1562 nobis,
639 1497 753 1570 neque
778 1471 945 1570 cuiquam
969 1471 1131 1546 omnium
1154 1470 1206 1545 sa·
1233 1474 1236 1482 '

226 1601 254 1637 “
271 1591 326 1668 tis.
378 1596 499 1690 Atque
516 1593 584 1666 hoc
609 1592 743 1666 utinam
767 1619 788 1666 a
807 1592 978 1691 principio
999 1592 1064 1666 tibi
1085 1595 1207 1690 placu-

227 1722 255 1758 “
273 1714 348 1788 iffet
366 1714 373 1786 !
403 1711 560 1811 profedlo
577 1739 622 1788 ex
637 1715 773 1812 populo
791 1718 958 1788 Romano
977 1713 1089 1788 multo
1106 1715 1210 1812 plura

184 1887 187 1896 .
227 1838 369 1912 “bona
396 1833 593 1934 accepisses,
615 1861 745 1933 ⁴quam
775 1837 869 1910 mala
898 1836 1074 1934 perpellus
1111 1836 1218 1908 effee

226 1964 256 2000 “
274 1958 343 2030 Sed
355 1956 526 2054 quoniam
539 1959 771 2032 humanarum
793 1981 910 2032 rerum
933 1954 1069 2030 fortuna
1094 1957 1210 2052 plera-

227 2083 256 2121 “
274 2102 345 2175 que
360 2077 476 2174 regit3
502 2076 560 2150 cui
578 2074 707 2153 scilicet
725 2077 890 2176 placuisse
909 2083 942 2152 ὅτ
960 2076 1050 2168 vim,
1075 2080 1108 2150 dc
1128 2102 1210 2174 gra-

228 2203 257 2240 “
274 2195 362 2270 tiam
384 2197 535 2271 nostram
548 2197 721 2294 experiri:
747 2221 856 2288 nunc,
880 2200 1097 2295 quandoper
1113 2195 1213 2271 illam

186 2355 189 2364 «
228 2324 256 2361 “
274 2317 370 2408 licet,
396 2316 532 2407 festina,
557 2337 676 2415 atque,
694 2335 733 2390 ut
757 2316 906 2414 coepisti,
935 2341 1053 2416 perge.
1092 2319 1212 2392 Multa

225 2445 256 2483 “
273 2457 382 2536 atque
402 2459 600 2537 opportuna
616 2439 736 2529 habes,
756 2461 828 2535 quo
846 2436 980 2512 facilius
997 2440 1108 2512 errata
1133 2439 1209 2512 offi-

230 2564 258 2602 “
277 2558 338 2633 ciis
350 2558 500 2658 superes.
548 2559 727 2633 Postremo
743 2561 812 2633 hoc
836 2559 872 2632 in
895 2561 1131 2658 pedustuum
1148 2559 1210 2634 dc·

230 2688 258 2725 “
277 2681 391 2773 mitte,
423 2707 619 2780 numquam
645 2682 817 2780 populum
847 2685 1055 2756 Romanum
1076 2683 1210 2756 benefi-

229 2809 258 2846 “
276 2803 336 2878 ciis
354 2802 498 2878 vidum.
549 2805 647 2876 Nam
660 2805 754 2876 bello
774 2801 860 2901 quid
873 2803 999 2894 valeat,
1020 2821 1092 2878 tute
1111 2802 1212 2877 scia.'’

278 2926 341 2998 Ad
358 2949 397 2998 ea
413 2926 571 2999 Bocchus
586 2924 723 3022 placide
749 2928 782 2997 &
805 2923 982 3022 benigne3
1007 2926 1106 2998 simul
1124 2950 1213 3022 pau-

230 3069 272 3118 ca
285 3069 348 3140 pro
372 3045 499 3118 delicio
527 3047 636 3119 verba
668 3044 775 3118 facita
812 3050 841 3086 “
854 3042 888 3117 sc
911 3071 985 3118 non
1003 3043 1119 3119 hostili
1138 3044 1213 3118 ani-

230 3171 259 3208 “
277 3173 352 3253 mo‚'
381 3161 439 3236 sed
470 3191 620 3262 regnum
645 3184 799 3240 tutatum
823 3191 920 3240 arma
944 3165 1093 3264 cepiffe:
1117 3159 1214 3239 'nam

231 3283 459 3360 “Numidiae
477 3303 626 3381 partem,
652 3285 748 3360 unde
770 3285 806 3358 vi
834 3287 1047 3384 Jugrutham
1064 3286 1212 3384 expule-

231 3414 260 3451 “
277 3427 342 3498 rat,
359 3404 439 3504 jure
455 3405 538 3478 belli
560 3404 656 3480 suam
678 3404 821 3498 fallam,
842 3430 920 3480 eam
934 3406 1056 3481 vastari
1069 3409 1114 3480 ab
1129 3408 1213 3480 Ma·-

231 3528 330 3602 “rio
358 3525 430 3624 pati
453 3525 669 3624 nequiviffe:
695 3547 859 3625 praeterea
882 3529 985 3602 missis
1009 3547 1110 3602 antea
1134 3531 1212 3602 Ro·

232 3653 261 3690 “
279 3673 376 3722 mam
394 3647 528 3747 legatia,
553 3646 727 3746 repulsum
757 3653 802 3724 ab
831 3650 994 3724 amicitia.
1044 3651 1213 3724 Ceterum

233 3773 263 3812 “
281 3787 398 3845 vetera
413 3768 589 3865 omittere,
608 3796 648 3848 ac
662 3790 753 3864 tum,
777 3773 800 3847 fi
825 3792 887 3870 per
907 3769 1068 3848 Marium
1081 3769 1212 3859 liceret,
