2668 4698
124 388 295 460 Conana
314 372 483 458 Lucruu
501 385 681 460 Saaomn
699 385 954 460 Cannam.
1006 413 1074 487 315

98 560 240 658 copiam
265 559 556 636 innumerabilem
579 561 762 659 desperatae
779 561 972 660 juventutis
994 593 1075 640 curn

96 683 160 756 illo
178 683 403 782 conjundlam
429 684 528 758 fuisse
555 683 793 782 patefecimus,
820 689 854 758 &
883 710 959 758 eam
977 688 1075 760 fimul

99 804 317 880 ostendimus
348 805 470 903 suopte
502 804 644 903 ingenio
677 803 850 878 furentem
883 805 1076 882 incredibili

97 927 261 1018 audacia,
286 925 492 1024 summaque
508 925 697 1022 cupiditate
719 926 906 1022 prodenda
929 952 969 1000 ac
987 951 1074 1000 vex·

93 1047 200 1147 anda
237 1047 332 1122 urbis
366 1047 642 1122 inflammatam:
687 1046 773 1144 quid
801 1047 878 1136 erit,
917 1047 1073 1142 Judices,

95 1167 194 1265 quod
216 1167 387 1242 dubitetis
415 1169 460 1240 de
484 1167 663 1240 liberanda
692 1166 815 1265 patria,
843 1147 959 1264 deduc
974 1166 1074 1242 ulcis·

94 1290 207 1364 cenda
224 1285 445 1362 crudelissimi
462 1286 595 1362 sceleris
624 1287 867 1392 immanitate?
920 1289 1074 1364 Novistis

93 1409 203 1484 enim.
219 1408 351 1483 facinus
376 1407 571 1482 inauditum
600 1408 759 1482 omniurn
786 1407 971 1482 hominum
999 1429 1073 1482 rne-

92 1530 217 1620 moria‚
249 1528 382 1604 facinus
409 1549 523 1617 atrox,
555 1525 756 1624 superbum,
782 1526 966 1619 nefarium,
994 1541 1072 1628 per-

91 1647 277 1739 niciosum,
303 1647 568 1722 remotiffimum
584 1651 628 1721 ab
645 1647 742 1721 omni
758 1648 984 1740 humanitate,
1010 1677 1072 1724 na·

91 1789 182 1861 tura,
209 1771 301 1868 lege,
340 1766 612 1843 consuetudine:
653 1766 749 1866 cujus
782 1769 1019 1860 acerbitatem,
1047 1776 1070 1845 sr

91 1889 210 1964 minus
228 1889 347 1964 animo
364 1891 453 1963 bene
471 1887 701 1986 perspexistis,
729 1888 843 1986 quaeso
860 1915 1000 1964 mecum
1017 1893 1071 1964 di·

90 2010 241 2109 ligenter
264 2009 442 2084 attendite.

142 2132 301 2204 XXXV.
330 2131 446 2206 Scelus
462 2131 564 2222 illud,
591 2131 747 2227 Judices,
773 2135 984 2205 eversionem
1010 2159 1071 2206 ne-

89 2249 218 2324 fariam
249 2248 454 2324 moliebatur
481 2252 695 2351 ampliffimae
728 2252 850 2326 nostrae
869 2252 1069 2351 dignitatis,

88 2369 276 2478 interitum
290 2371 563 2446 crudelissimum
580 2372 745 2446 Senatorii
765 2373 908 2464 ordinis,
937 2376 1073 2451 caedem

90 2517 323 2568 communem
348 2492 508 2566 omnium
536 2495 729 2567 bonorum:
757 2490 857 2590 hujus
880 2493 1012 2569 sceleris
1030 2497 1070 2570 li·

4 2685 7 2700 ,
89 2611 178 2686 bido
203 2615 351 2709 reposita
376 2631 447 2684 erat
470 2612 508 2684 in
531 2613 733 2711 diripiendis
756 2613 916 2686 omnium
940 2615 1071 2690 civium

90 2731 332 2821 facultatibus,
368 2751 474 2830 atque
508 2734 740 2831 opprimenda
766 2733 861 2807 urbis
891 2733 1069 2808 libertate:

89 2851 175 2926 huic
203 2850 320 2924 sceleri
351 2855 558 2950 parabantur
580 2854 759 2930 teterrima
789 2852 995 2951 conjugum,
1031 2881 1072 2928 ac

88 2973 284 3046 liberorum
313 2973 509 3048 nostrorum
537 2973 762 3047 vexationes:
790 2973 826 3046 in
852 2976 920 3047 hoc
949 2972 1072 3050 scelere
1156 3053 1158 3060 Α

88 3090 312 3166 versabantur
349 3093 501 3191 denique
529 3091 646 3174 iaces.
665 3094 852 3169 inferendae
890 3097 1073 3193 penatibus

91 3212 234 3302 nostris,
281 3205 510 3310 expilationes
551 3215 696 3305 aedium,
742 3215 859 3314 stupra
891 3216 1072 3316 virginum
1122 3251 1125 3256 ·

90 3333 301 3423 Vestalium,
332 3335 508 3406 intrusae
533 3359 664 3407 moeror
683 3332 883 3411 miserabilis
908 3335 1072 3413 universae

4 3533 6 3542 ,
88 3452 254 3528 civitatis.
305 3450 397 3547 Qua
422 3455 446 3527 s1
473 3453 588 3542 vobis,
613 3474 653 3527 ut
678 3454 768 3546 sunt,
794 3456 940 3554 indigna
965 3476 1072 3554 atque

87 3572 321 3652 intolerabilia
344 3572 523 3664 videntur,
554 3600 625 3646 non
649 3575 810 3674 iniquum
835 3575 911 3664 erit,
938 3572 1074 3651 autores

88 3693 220 3766 horum
238 3732 242 3746 ι
259 3693 434 3766 malorum
474 3695 622 3768 multare
660 3695 843 3770 teterrimis
882 3693 1072 3794 suppliciis

88 3814 302 3910 clademque
334 3812 498 3900 omnium
531 3815 797 3890 crudelissimam
835 3841 855 3889 e
888 3817 1073 3894 visceribus
