2672 4682
230 351 280 430 34
401 261 1010 398 carausium-11

228 527 304 578 rem
316 525 475 590 omnem,
500 499 552 574 uti
569 515 818 596 cognoverant,
845 496 1018 596 aperiunt.
1067 497 1210 592 Cicero,

231 649 294 724 per
316 626 467 721 Sangam
492 617 673 720 [consilio]
695 617 855 717 cognito,
882 617 1007 718 legatis
1032 620 1213 718 praecepit,

232 743 392 820 studium·
412 739 659 838 conjurationis
676 742 901 814 vehementer
916 742 1091 833 simulent,
1118 761 1214 816 cete-

231 893 290 942 ros
314 869 453 954 adeant,
485 865 573 936 bene
596 863 849 959 polliceantur;
880 865 1035 962 dentque
1051 887 1213 962 operam,

231 986 282 1064 uti
296 1013 354 1062 eos
367 1011 473 1084 quam
487 1009 655 1059 maxume
668 983 865 1058 manifestos
877 986 1040 1059 habeant.
1099 1069 1103 1084 Ι

280 1109 397 1185 XLII.
415 1108 538 1179 Isoanr
556 1102 626 1180 sere
642 1107 857 1204 temporibus
873 1106 908 1180 in
926 1106 1041 1180 Gallia
1056 1105 1216 1186 citeriore

232 1251 337 1329 atque
348 1226 524 1318 ulteriore,
538 1226 622 1300 item
635 1227 671 1300 in
683 1255 770 1328 agro
782 1228 927 1319 Piceno,
941 1227 1089 1318 Brutti0,
1108 1233 1214 1326 Apu-

230 1353 275 1426 lia
291 1369 407 1422 motus
424 1355 508 1422 erat.
558 1351 728 1447 Namque
749 1349 814 1439 illi,
842 1375 930 1447 quos
948 1369 1049 1424 antea
1063 1349 1216 1424 Catilina

228 1469 416 1560 dimiserat,
463 1468 655 1544 inconsulte
686 1497 726 1546 ac
757 1469 866 1546 veluti
899 1495 961 1568 per
997 1469 1219 1546 dementiam

230 1593 375 1694 [cuncta
399 1590 519 1690 simul]
535 1617 671 1691 agere:
705 1591 881 1666 nocturnis
910 1588 1072 1680 confiliis,
1098 1617 1214 1666 armo·

228 1739 307 1790 rum
323 1733 427 1810 atque
444 1714 597 1788 telorum
614 1713 881 1811 portationibus,
907 1710 1113 1804 festinando,
1140 1714 1215 1814 agi-

228 1835 336 1912 tando
346 1835 464 1908 omnia
478 1837 557 1932 plus
568 1835 718 1926 timoris,
739 1861 846 1932 quam
860 1834 1005 1933 periculi
1018 1835 1219 1912 effecerant..
1237 1911 1239 1918 ,

231 1959 289 2034 Ex
306 1981 348 2032 eo
364 1982 511 2032 numero
528 1945 725 2055 complures
747 1958 983 2055 QMetellus
999 1957 1100 2030 Celer
1116 1959 1213 2030 Prae·
1246 2029 1248 2036 ,

229 2098 285 2154 tor
301 2104 347 2154 ex
363 2077 478 2153 Senati
495 2076 679 2168 Consultu,
706 2080 819 2157 caussa
836 2077 993 2176 cognita,
1020 2077 1058 2172 ip
1075 2077 1216 2154 vincula

230 2198 452 2300 conjecerat;
479 2197 563 2272 item
587 2197 624 2270 in
650 2196 815 2274 ulteriore
839 2198 956 2271 Gallia
980 2200 1022 2272 C.
1046 2201 1213 2288 Murena,

228 2322 288 2423 qui
306 2321 337 2396 ei
356 2319 544 2420 provincia
561 2319 701 2417 legatus¹
713 2339 870 2415 praeerat.

276 2445 412 2518 XLIII.
431 2445 491 2514 Ar
510 2441 638 2514 Rom'ae
664 2439 853 2530 Lentulus,
880 2465 963 2513 curn
985 2437 1122 2530 ceteris,
1149 2439 1214 2538 qui

227 2564 402 2666 principes
418 2559 665 2662 conjurationis
680 2580 792 2652 erant,
819 2560 958 2658 paratis,
983 2581 1023 2634 ut
1042 2559 1212 2635 videban-

226 2707 298 2777 tur,
326 2683 462 2783 magnis
480 2683 603 2781 copiis,
630 2683 889 2774 constituerant,
916 2682 981 2774 uti,
1008 2682 1157 2756 Catilina
1176 2683 1211 2760 in

226 2832 352 2906 agrurn
369 2801 588 2880 Faesulanum
613 2825 697 2882 cunr
722 2803 880 2896 venisset,
906 2807 953 2882 L.
969 2803 1082 2878 Bestia
1099 2803 1210 2878 tribu-

40 2907 42 2913 .
124 2955 127 3033 j
226 2953 293 3002 nus
310 2927 435 3025 plebis,
462 2925 631 3002 concione
642 2923 783 3018 habita,
803 2947 1002 3024 quereretur
1018 2926 1064 2999 de
1080 2923 1212 3000 astion.

227 3049 305 3126 ibus
327 3046 520 3139 Ciceronis,
546 3047 702 3146 beIIIque
728 3048 930 3146 gravissumi
954 3046 1124 3143 invidiam
1146 3071 1212 3144 op·

226 3189 330 3244 turno
343 3167 474 3244 consuli
486 3170 702 3267 imponeret3
720 3173 896 3270 eosrgno,
924 3193 1098 3268 proxuma
1110 3169 1213 3242 noue

229 3313 344 3368 cetera
356 3290 545 3366 multitudo
562 3285 810 3384 conjurationis
826 3289 928 3364 suum
945 3287 1090 3388 quisque
1106 3313 1215 3386 nego-

227 3414 319 3493 tium
335 3410 613 3509 exsequerentur.
663 3411 731 3484 Sed
743 3436 783 3489 ea
794 3409 901 3488 divisa
912 3413 980 3488 hoc
993 3410 1102 3483 modo
1114 3408 1211 3484 dicc-

190 3537 193 3542 ’
227 3537 374 3637 bantur:
402 3530 570 3622 Statilius,
596 3520 771 3605 Gabinius
787 3531 840 3608 uti
857 3519 940 3606 cum
957 3555 1087 3632 magna
1104 3555 1214 3608 manu

227 3654 418 3730 duodecim
436 3654 536 3726 simul
553 3672 753 3750 opportuna
768 3654 845 3728 loca
860 3652 956 3727 urbis
973 3649 1211 3741 incenderent,

229 3801 301 3881 quo
324 3777 476 3854 tumultu
498 3772 633 3852 facilior
653 3774 767 3852 aditus
784 3775 829 3850 ad
844 3771 1038 3874 consulem,
1063 3792 1211 3862 ceteros,
