2668 4698
204 341 279 442 284
435 347 580 442 Jutrut
608 343 965 438 Exsurutrtturrus,
990 347 1058 422 διε.

199 513 392 592 certamine
421 513 558 594 Marius
583 513 813 610 interemptus
835 509 908 591 est:
942 509 1075 603 Carbo,
1103 535 1182 611 per-

198 635 281 712 ditis
309 627 427 727 iebus,
454 633 601 735 aufugit.
651 635 751 716 Tum
783 629 966 722 Sertorius,
993 633 1182 722 commistis

199 778 304 864 atque
321 757 441 834 deletis
460 755 627 856 partibus,
655 779 742 854 quas
759 753 978 851 sequebatur,
1005 753 1182 854 optimum

200 859 386 958 confilium
413 879 556 952 eredens
595 874 790 951 exercitum
819 869 892 948 'non
920 872 1110 967 dimittere,
1140 903 1184 952 ne

139 1053 143 1064 ·
200 1001 352 1078 nudatus
386 997 553 1097 supplicia
589 995 781 1078 victoribus
821 995 1000 1092 penderet,
1018 999 1022 1008 '
1039 997 1184 1074 colleda

202 1119 387 1220 Hispaniae
405 1117 644 1209 multitudine,
672 1137 794 1198 contra
817 1119 1026 1190 Romanum
1050 1119 1181 1194 exerci-

199 1261 278 1316 tum
294 1239 409 1318 statuit
425 1239 604 1321 dimicare.
656 1241 806 1314 Mortuo
834 1237 950 1335 itaque
967 1235 1075 1334 Sylla,
1103 1237 1181 1314 hos-

199 1383 272 1436 tem
288 1361 322 1436 se
339 1359 526 1460 publicum
544 1357 711 1457 profeffus
723 1358 785 1440 est.
837 1359 898 1444 Ad
915 1382 1022 1456 quem
1040 1343 1181 1460 eirpug·

179 1483 361 1584 'nandum
391 1480 479 1558 mifft
513 1479 591 1560 sunt
624 1482 794 1563 Metellus
829 1498 935 1578 atque
963 1479 1181 1578 Pompeius3

181 1593 262 1704 'qui
278 1627 362 1683 eum
381 1602 547 1702 gravibus
574 1622 680 1701 atque
709 1601 845 1683 affiduis
869 1601 998 1701 pugnis
1014 1584 1181 1682 afflixere.

198 1725 273 1826 Qu
288 1744 408 1803 tamen
424 1723 567 1804 difficile
584 1723 804 1809 vinceretur3
832 1715 892 1796 nisi
912 1748 974 1820 per
995 1721 1181 1822 conjurati-

63 1928 66 1939 ,
197 1871 306 1923 onem
334 1845 372 1926 in
401 1845 568 1920 convivio
596 1872 617 1920 a
648 1843 714 1918 suis
733 1847 825 1924 'effet
854 1841 996 1918 occisus.
1057 1847 1193 1924 Postea·

197 1967 388 2066 Pompeius
416 1967 639 2064 Perpennam
660 1964 820 2064 subegit;
860 1969 1025 2057 Auitum,
1052 1967 1179 2042 Cluni-

199 2117 273 2181 am,
299 2087 519 2188 Calagurrim
536 2087 691 2164 civitates
708 2087 853 2176 delevit,
882 2091 915 2162 δι
934 2083 1032 2170 fadis
1049 2088 1087 2162 in
1109 2089 1179 2188 Py,

199 2235 315 2300 renaeo
331 2209 483 2308 tropaeis,
512 2211 669 2290 Romam
690 2209 856 2305 regressus
879 2205 941 2292 est.

275 2580 357 2647 llll.
388 2581 628 2644 OPUSCULUM
650 2583 757 2656 JULII
792 2581 1103 2646 exserendum,
