2664 4692
231 309 304 392 260.
342 255 388 304 a.
525 307 599 392 An
639 307 681 380 C.
710 307 986 386 Cnsnnnu

231 527 313 604 rum*
327 505 406 577 effe.
457 505 490 578 si
508 507 575 580 hoc
593 506 714 580 itinere
731 506 782 580 uti
799 506 1009 596 decreveris,
1035 483 1148 581 cetera
1177 506 1216 580 in

231 643 374 719 promtu
405 646 522 700 erunt..
569 629 661 700 Volo
683 653 751 726 ego
778 627 961 702 confilium
983 653 1102 700 meum
1129 654 1215 725 pru·

229 741 330 836 dens,
370 771 608 844 maxumeque
637 745 711 821 usui
741 751 818 822 else.
868 750 966 822 Nam
995 747 1215 845 ubicumque

180 873 183 880 '
230 865 296 938 tibi
320 892 373 943 res
398 865 560 964 prospere
584 871 698 960 cedet,
726 868 774 942 ibi
803 868 890 942 mihi
908 870 1001 942 bona
1019 864 1113 942 fama
1131 894 1212 942 eve-

228 987 311 1060 niet.
361 987 428 1060 Sed
446 1015 503 1062 me
520 989 578 1064 illa
594 990 706 1088 magis
723 991 852 1087 cupido
875 1009 1027 1079 exercet,
1053 987 1104 1062 uti
1122 1015 1214 1087 quo-

228 1133 382 1206 cumque
407 1109 528 1199 mod0,
556 1111 873 1209 &quamprimum
905 1109 991 1208 resp.
1018 1107 1213 1208 adjuvetur.

227 1228 445 1302 Libertatem
474 1229 583 1328 gloria
605 1231 772 1305 cariorem
795 1234 922 1322 habeo,
950 1251 1053 1328 atque
1082 1255 1152 1330 ego
1178 1251 1215 1304 te

230 1374 291 1422 oro
309 1349 515 1448 hortorque,
542 1378 586 1424 ne
615 1352 829 1428 clarissumus
846 1353 1048 1450 imperator,
1075 1333 1215 1424 Gallica

229 1492 334 1570 gente
364 1467 514 1564 subada,
542 1473 665 1571 populi
695 1477 743 1547 R.
771 1471 947 1546 summum
965 1493 1071 1570 atque
1099 1471 1213 1546 invic-

225 1612 306 1666 tum
333 1592 523 1691 imperium
556 1591 728 1668 tabescere
754 1593 935 1684 vetustate,
962 1619 1002 1666 ac
1032 1618 1093 1690 per
1118 1591 1213 1666 sum-

224 1739 322 1788 mam
344 1712 550 1790 discordiam
567 1713 689 1805 dilabi,
717 1713 864 1811 patiaris.
914 1711 1092 1804 Profele,
1121 1716 1144 1786 s1
1174 1709 1213 1786 id

227 1835 377 1926 accidat,
405 1861 519 1934 neque
543 1837 607 1910 tibi
631 1862 718 1926 nox,
746 1860 861 1933 neque
889 1835 962 1909 dics
987 1861 1108 1922 curam
1138 1837 1212 1907 ani-

226 1957 277 2030 mi
307 1954 498 2042 sedaverir3
527 1953 613 2054 quin
642 1948 816 2030 insomniis
839 1955 1022 2046 exercitus,
1049 1954 1212 2030 furibun-

226 2079 293 2150 dus
310 2100 415 2176 atque
431 2103 551 2150 amens
566 2077 712 2151 alienata
730 2096 846 2149 mente
863 2073 990 2149 feraris.
1040 2078 1215 2175 Namque

227 2200 313 2272 mihi
332 2224 396 2295 pro
415 2223 498 2270 vero
527 2197 674 2287 constat,
701 2195 861 2270 omnium
880 2195 1082 2270 mortalium
1099 2198 1212 2272 vitam

224 2319 349 2394 divino
366 2317 512 2390 numine
541 2316 664 2390 invis1:
693 2343 808 2415 neque
837 2320 971 2391 bonum
998 2345 1113 2416 neque
1132 2347 1210 2394 ma-

224 2443 300 2514 lum
332 2438 474 2513 facinus
499 2436 704 2537 cujusquam
738 2464 802 2534 pro
827 2437 939 2510 nihilo
965 2440 1105 2513 haberi:
1134 2441 1212 2532 sed,
1244 2538 1247 2542 ἡ

225 2589 270 2635 ex
288 2583 422 2651 natura,
450 2558 582 2634 diversa
606 2559 750 2657 praemia
767 2561 880 2633 bonos
899 2560 1077 2659 malosque
1097 2558 1209 2660 sequi.

223 2686 359 2757 Interea
387 2678 477 2755 forte
500 2707 540 2755 ea
564 2681 694 2755 tardius
724 2683 941 2779 procedunt:
969 2679 1047 2754 suus
1077 2682 1209 2781 cuique

225 2805 430 2890 animus'ex
452 2799 661 2876 conscientia
677 2799 774 2900 spem
792 2803 937 2899 praebet.

274 2925 383 3022 Qud
418 2927 440 2995 fi
471 2943 588 2996 tecum
619 2909 727 3020 patria
750 2942 856 3021 atque
880 2942 1037 3019 parentes
1071 2923 1211 3020 pollent

220 3043 332 3142 loqui,
359 3041 489 3115 scilicet
505 3044 581 3116 haec
599 3043 663 3116 tibi
680 3043 856 3117 dicerent:
884 3045 919 3116 Ο
937 3041 1061 3133 Caesar,
1088 3071 1154 3118 nos
1173 3066 1207 3118 te

223 3163 407 3266 genuimus
432 3149 623 3236 fortissumi
643 3163 721 3254 viri,
749 3163 785 3236 in
805 3184 951 3261 optuma
972 3165 1072 3254 urbe,
1099 3165 1210 3238 decus

223 3285 490 3388 praesidiumque
527 3283 641 3374 nobis,
681 3284 838 3359 hostibus
871 3287 1061 3357 terrorem!
1115 3289 1227 3383 Qaae,

223 3395 343 3484 multis
366 3403 540 3478 laboribus
570 3409 604 3478 δε
630 3403 791 3501 periculis
824 3430 1042 3502 ceperamus,
1071 3431 1112 3478 ea
1142 3405 1209 3479 tibi

222 3527 371 3606 nascenti
400 3551 482 3600 cum
512 3523 630 3599 anima
659 3527 759 3598 fimul
791 3523 1011 3615 tradidimus,
1056 3528 1208 3622 patriam

215 3675 427 3759 ‘maxumam
457 3645 493 3718 in
513 3645 612 3719 terris
623 3677 633 3733 ;
661 3648 811 3719 domum
829 3644 1071 3743 familiamque
1088 3645 1126 3718 in
1145 3672 1207 3744 pa·

219 3771 282 3846 tria
299 3769 532 3843 clariffumam
545 3786 748 3866 ;,praeterca
776 3769 886 3842 bonas
910 3785 1015 3860 artes,
1043 3765 1205 3842 honestas

1325 4329 1330 4644 l
