2662 4686
398 343 744 437 Juounrum
1060 347 1106 444 Q

113 525 143 564 “
162 514 379 618 quidquam,
411 537 533 617 neque
566 517 679 594 carius
713 514 916 592 audloritate
958 520 1104 596 Senati:

12 713 13 720 ,
116 647 145 682 “
162 643 209 714 ab
227 638 461 716 adolescentia
478 641 527 714 ita
541 639 691 730 enisum,
717 625 770 712 uti
786 641 831 712 ab
847 645 1106 740 optumo'quo·

116 768 146 806 “
165 789 237 861 que
255 743 459 861 probaretur
478 791 486 836 :
517 762 661 854 uirtute,
680 789 752 836 non
769 761 900 834 malitia
916 764 956 834 Ρ.
974 761 1106 860 Scipio-

117 891 145 926 “
163 885 216 974 ni,
249 883 388 958 summo
406 884 496 976 vim,
517 885 680 982 placuisse
702 913 709 958 :
746 887 794 959 ob
812 883 949 957 easdem
966 883 1045 957 artis
1062 887 1115 984 ab

115 1013 144 1049 ‘⁴
163 1003 331 1103 Micipsa,
366 1031 439 1080 non
473 1006 616 1104 penuria
645 1007 851 1097 liberorum,
887 1005 924 1078 in
957 1031 1108 1104 regnum

116 1133 146 1169 “
166 1127 401 1224 adoptatum:
433 1128 600 1206 Ceterum
633 1155 706 1227 quo
741 1129 840 1226 plura
872 1129 963 1202 bene
1002 1133 1108 1226 atque

116 1257 145 1294 ‘⁴
164 1250 302 1326 strenue
320 1248 462 1340 feciffet,
493 1276 535 1326 eo
568 1249 728 1324 animum
744 1247 844 1322 suum
861 1246 1023 1358 injuriam
1042 1249 1108 1322 mi-

116 1379 145 1414 “
165 1397 232 1444 nus
248 1373 423 1446 tolerare:
453 1372 693 1446 Adherbalem
726 1371 815 1445 dolis
844 1370 924 1443 vitae
953 1368 1020 1444 suae
1053 1371 1108 1443 in·
1154 1453 1156 1457 ¹
1232 1379 1235 1384 '

119 1499 148 1536 “
169 1492 347 1580 fidiatum3
378 1493 476 1591 quod
492 1491 555 1565 ubi
572 1492 808 1589 comperiffet,
827 1491 944 1564 sceleri
961 1491 1107 1566 obviam

119 1621 149 1658 “
165 1615 248 1688 isse:
277 1597 454 1713 populum
472 1618 680 1690 Romanum
709 1639 825 1712 neque
857 1617 963 1703 rede,
993 1640 1108 1712 neque

118 1741 233 1834 “pro
262 1737 358 1808 bono
385 1733 576 1826 fallurum,
612 1738 635 1808 sr
665 1737 710 1808 ab
733 1732 814 1832 jure
848 1733 1007 1832 gentium
1040 1733 1108 1809 sese

119 1862 148 1900 “
168 1855 435 1956 prohibuerint:
466 1856 638 1954 postremo
660 1857 705 1930 de
735 1855 901 1930 omnibus
930 1855 1032 1928 rebus
1058 1856 1108 1927 le-

118 1986 148 2024 “
167 1999 279 2078 gatos·
299 1981 457 2052 Romam
486 1977 586 2050 brevi
617 1976 836 2050 miffumm.”
886 1979 940 2053 Ita
968 1975 1109 2073 utrique
1170 2023 1173 2032 ·

117 2097 380 2199 digrediuntur.
433 2077 645 2176 Adherbalis
677 2099 876 2198 adpellandi
909 2097 1010 2196 copia
1036 2124 1109 2172 non

117 2219 202 2298 fuit.

167 2343 308 2418 XXIII.
340 2344 558 2438 Juuunrrrn
593 2343 656 2417 ubi
686 2369 746 2418 eos
779 2341 901 2417 Africa
933 2344 1108 2417 deceffiffe

115 2482 210 2539 ratus
240 2464 304 2555 est,
335 2490 450 2563 neque
482 2484 624 2564 propter
640 2465 709 2538 loci
725 2486 886 2538 naturam
901 2464 1037 2540 Cirtam
1055 2489 1109 2538 ar-

13 2637 14 2640 =
117 2585 185 2661 nris
207 2609 415 2684 expugnare
432 2586 543 2683 potest
556 2615 567 2676 ;
598 2588 694 2660 vallo
722 2607 827 2684 atque
860 2583 946 2658 fossa
975 2584 1110 2660 moenia

119 2707 330 2797 circumdat,
349 2705 453 2782 turris
470 2706 626 2798 exstruit,
644 2704 768 2805 easque
786 2704 949 2803 praefidiis
965 2707 1106 2778 firmat:

12 2901 13 2904 ,
119 2847 285 2926 praeterea
302 2827 390 2919 dies,
418 2831 537 2904 nottes
555 2849 614 2902 aut
632 2853 693 2927 per
711 2827 799 2917 vim,
826 2846 885 2899 aut
911 2824 1001 2899 dolis
1031 2844 1109 2898 ten-

119 2967 205 3040 tare,
226 2947 463 3024 defensoribus
485 2949 663 3054 moenium
676 2973 678 2977 ·
691 2947 833 3048 praernia
854 2949 977 3038 mod0‚
1002 2948 1111 3020 modo

119 3067 347 3144 formidinem
365 3071 547 3163 ostentare,
573 3070 650 3145 suos
678 3072 854 3144 hortando
880 3071 926 3144 ad
942 3070 1110 3145 virtutem
1145 3167 1148 3174 .

121 3193 283 3292 erigere:
316 3193 452 3291 prorsus
470 3193 625 3268 intentus
643 3197 769 3269 cuneta
786 3219 918 3292 parare.
970 3192 1111 3266 Adher-

121 3315 178 3390 bal
195 3317 260 3389 ubi
277 3315 465 3414 Intellegit,
495 3317 609 3390 omnis
625 3315 701 3392 suas
718 3315 875 3395 fortunas
892 3316 929 3388 in
946 3300 1109 3386 entremo

123 3439 212 3527 sitas,
238 3435 376 3510 hostem
392 3434 570 3529 infestum,
597 3438 718 3512 auxilii
743 3414 840 3536 spem
866 3438 1015 3524 nullam,
1046 3457 1107 3530 pe-

123 3555 219 3631 nuria
232 3539 351 3630 rerum
367 3557 630 3632 necessariarum
647 3561 781 3634 bellum
795 3558 885 3632 trahi
904 3581 975 3630 non
993 3555 1108 3652 poffe3

121 3701 166 3750 ex
182 3679 249 3770 his,
275 3678 337 3777 qui
354 3705 425 3753 una
441 3679 575 3754 Cirtam
593 3679 832 3780 profugerant,
851 3681 924 3752 duo
941 3673 1111 3764 rna'xume

120 3797 291 3906 impigros
309 3801 454 3914 delegit,
488 3828 547 3880 eos
564 3804 676 3875 multa
694 3801 909 3900 pollicendO,
940 3826 980 3879 ac
1011 3783 1083 3878 mis
1097 3841 1113 3861 ·

533 3969 535 3974 .
588 3925 624 4002 G
654 3949 674 4023 3
