2664 4692
297 311 650 388 Fuscusurn.
703 314 814 388 Lru.
845 315 874 387 Ι.
1037 321 1102 414 187

124 503 235 560 temto
253 489 483 560 metuendum
503 486 642 560 effecit:
674 515 738 561 vos
766 489 964 573 mussantes,
994 493 1027 562 bc
1052 515 1104 562 re·

125 609 310 680 tradantes
328 606 441 681 verbis
460 611 630 680 &vatum
647 606 874 696 carminibus,
898 631 1019 704 pacem
1040 635 1103 706 op-

124 727 203 800 tatis
233 727 362 824 magis,
392 753 499 824 quam
528 727 739 801 defenditis:
771 727 1104 826 nequeintelligitis,

97 841 98 846 ¹
127 847 275 920 mollitia
291 849 512 920 decretorum
531 848 630 921 vdbis
645 848 869 948 dignitatem,
892 847 943 920 illi
970 871 1106 923 metum

125 967 272 1040 detrahi.
340 973 461 1065 Atque
494 968 530 1040 id
556 966 660 1066 jure3
709 969 875 1066 quoniam
902 993 946 1042 ex
980 969 1107 1066 rapinis

125 1087 361 1178 consulatum,
391 1093 439 1162 ob
464 1088 666 1163 seditionem
696 1089 912 1186 provinciam
936 1115 1018 1164 cum
1043 1117 1104 1162 ex-

124 1209 234 1282 ercitu
252 1211 397 1306 adeptus
415 1211 475 1284 est.
526 1210 623 1309 Qud
641 1211 697 1284 ille
728 1214 776 1284 ob
803 1209 981 1285 benefasba
997 1210 1104 1308 cepis·

123 1329 186 1420 set,
217 1328 318 1429 cujus
332 1328 516 1408 sceleribus
544 1351 639 1404 tanta
667 1331 810 1428 praemia
825 1331 1014 1405 tribuistis?
1054 1339 1107 1406 At

125 1449 265 1540 scilicet,
293 1450 331 1540 ii,
351 1451 426 1549 qui,
445 1453 490 1526 ad
507 1453 720 1549 postremum
735 1450 856 1550 usque,
870 1455 1016 1551 legatos,
1043 1481 1102 1551 pa-

125 1597 218 1662 cem,
247 1573 485 1662 concordiam,
515 1578 549 1646 dc
579 1573 646 1645 alia
673 1570 911 1670 hujuscemodi
940 1575 1104 1648 decreve-

125 1713 221 1782 mnt,
248 1693 396 1792 gratiam
423 1695 532 1766 abeo
562 1693 755 1790 peperisse„
790 1695 868 1764 Irno
896 1693 1045 1789 despesli
1069 1701 1103 1768 bc

128 1813 268 1910 indigni
310 1839 384 1910 rep.
425 1813 549 1904 habiti,
582 1815 710 1911 praedae
749 1815 829 1886 loco
858 1813 1103 1887 aestumantur:

124 1934 259 2032 quippe
276 1954 373 2008 metu
387 1959 509 2030 pacem
527 1953 734 2030 repetentes,
754 1960 825 2031 quo
840 1933 994 2006 habitam
1005 1934 1102 2006 ami·
1186 1915 1189 1922 .

124 2054 251 2128 serant.
302 2056 479 2152 Equidem
493 2082 513 2130 a
527 2053 716 2152 principi0,
731 2081 813 2128 cum
828 2053 1002 2127 Etruriam
1017 2081 1103 2128 con-

120 2175 253 2276 jurare,
268 2175 471 2274 proscriptos
488 2176 652 2266 accersiri,
668 2176 909 2275 largitionibus
927 2179 1101 2273 rempubl.

123 2295 269 2372 lacerari
284 2297 464 2387 videbam,
485 2300 731 2372 maturandum
748 2301 914 2395 putabam
939 2301 971 2368 δε
995 2299 1102 2372 Catu-

129 2417 155 2492 li
184 2417 444 2507 consrlia,‘cum
470 2418 588 2515 paucis
611 2417 744 2492 secutus
767 2416 854 2492 sum.
941 2420 1108 2494 Ceterum

123 2539 188 2631 illi,
218 2537 281 2636 qui
305 2538 415 2642 gentis
432 2539 588 2614 AErniliae
610 2537 789 2612 benesada
810 2541 1040 2632 extollebant,
1068 2547 1103 2614 a

124 2657 338 2759 ignoscendo
357 2660 478 2757 populi
496 2658 651 2734 Romani
668 2659 946 2756 magnitudinem
959 2658 1103 2748 auxisse,

125 2779 298 2878 nusquam
316 2780 419 2871 etiam
431 2801 507 2855 tum
524 2779 706 2877 Lepidum
719 2780 934 2877 progressum
951 2776 1102 2875 ajebant:

126 2919 222 2976 eum‘
229 2901 364 2998 privata
380 2927 475 2976 arma
491 2900 733 2998 opprimundae
757 2897 921 2972 libertatis
949 2899 1104 2997 cepisset,

126 3021 192 3098 fibi.
205 3019 352 3119 quisque
369 3048 454 3119 opes
470 3041 528 3118 aut
546 3020 733 3119 patrocinia
760 3021 963 3118 quaerendo,
995 3025 1105 3095 consr-

127 3141 224 3218 liunt!
245 3142 427 3239 publicum
453 3161 692 3238 corruperunt.
743 3146 911 3215 Attamen
940 3163 1010 3216 erat
1032 3129 1107 3216 Less

129 3264 233 3362 pidus
247 3265 336 3341 latro
353 3289 435 3340 cum
452 3263 631 3338 calonibus
648 3267 686 3335 &r
700 3261 818 3358 paucis
836 3263 984 3348 ficariis;
1017 3289 1106 3360 quo·
1184 3339 1190 3350 ,

128 3409 205 3458 rum
223 3411 330 3458 neruo
342 3384 466 3458 diurna
478 3384 638 3458 mercede
651 3381 763 3457 vitam
778 3383 987 3458 mutaverit:
1012 3409 1108 3456 nunc
1181 3476 1187 3483 ἢ

130 3505 175 3578 est
192 3531 255 3602 pro
273 3505 413 3580 consule
430 3530 517 3579 cum,
530 3503 694 3600 imperi0,
717 3531 789 3578 non
806 3523 916 3590 emm,
947 3502 1007 3576 sed
1022 3505 1105 3578 dato

129 3625 297 3710 avobis3
323 3651 404 3698 curn
434 3624 554 3722 legatis
580 3626 694 3698 adhuc
720 3623 800 3720 jure
824 3622 1043 3720 parentibus:
1071 3630 1106 3700 &

129 3745 187 3818 ad.
206 3771 290 3820 eum
319 3760 521 3823 concurrere
547 3744 705 3820 homines
743 3743 907 3820 omnium.
942 3744 1108 3819 ordinum
