2662 4686
316 417 320 428 .
416 347 757 442 Jucunrnn
1012 373 1078 454 κῃ

98 524 235 602 Deinde
253 522 442 613 Volucem,
459 523 625 622 quoniam
650 521 787 598 hostilia
812 520 952 611 faceret,
979 549 1079 598 max·
1121 587 1129 602 ,

98 671 225 720 urnum
276 646 406 738 Jovem
457 629 664 734 obtestatus,'
716 663 756 718 ut
801 642 934 718 sceleris
974 663 1079 742 atque

97 765 254 865 perfidiae
302 763 434 838 Bocchi
491 765 583 838 testis
628 767 768 856 adeffet,
817 765 934 838 castris
984 764 1081 838 abire

98 885 211 986 jubet.
246 885 337 958 ille
390 887 586 960 lacrumans
614 911 724 978 orare,
763 893 854 960 “ne
893 911 933 958 ea
961 886 1081 960 crede·

98 1015 126 1052 “
144 1025 222 1080 ret:
250 1005 338 1080 nihil
376 1007 460 1080 dolo
489 1005 636 1097 facium,
662 1007 774 1105 magis
796 1006 982 1082 calliditate
1015 1009 1080 1101 Ju-

99 1135 128 1171 “
146 1128 298 1227 gurthae,
320 1126 377 1202 cui
399 1124 588 1226 speculanti
604 1127 668 1202 iter
689 1127 788 1202 suum
816 1126 1003 1231 cognitum
1031 1125 1081 1200 es-

100 1256 128 1294 “
143 1249 204 1322 set.
256 1245 435 1338 Ceterum,
460 1247 629 1345 quoniam
647 1275 761 1346 neque
790 1248 971 1346 ingentem
989 1248 1081 1322 mul-

98 1378 125 1414 “
144 1368 332 1444 titudinem
349 1370 507 1460 haberet,
523 1374 557 1442 lc
583 1368 657 1466 spes
685 1367 837 1468 opesque
862 1369 933 1468 ejus
947 1395 992 1444 ex
1017 1395 1079 1466 pa-

99 1498 127 1538 “
144 1511 195 1564 tre
211 1489 273 1563 suo
291 1489 503 1589 penderent3
529 1490 629 1562 illum
655 1489 741 1563 nihil
766 1491 880 1586 palam
902 1488 1078 1580 ausurum,

100 1618 129 1654 “
148 1637 229 1684 cum
252 1607 324 1708 ipse
341 1609 431 1682 filius
459 1610 550 1683 testis
574 1612 726 1684 adesset:
753 1615 872 1707 Qare
890 1630 1081 1706 optumum

98 1739 125 1782 “
142 1729 275 1804 factum
305 1730 432 1822 videri,
469 1757 529 1830 per
563 1731 680 1804 media
711 1727 784 1828 ejus
819 1731 927 1804 castra
964 1733 1079 1827 palam

98 1859 126 1901 “
153 1857 318 1926 transire:
353 1851 433 1944 sese,
465 1854 522 1928 vel
555 1853 745 1950 praemiffis,
782 1853 839 1924 vel
863 1851 995 1926 ibidem
1025 1879 1079 1924 re-

96 1980 125 2018 “
140 1973 232 2049 listis
259 1972 409 2065 Mauris,
437 1971 548 2050 solum
585 1999 667 2048 cum
689 1974 784 2046 Sulla
811 1972 976 2046 iturum.''
1028 1975 1086 2048 Ea.
1188 1985 1192 1998 “

94 2121 164 2187 res,
191 2113 235 2169 ut
256 2092 292 2166 in
309 2094 376 2168 xtali
403 2093 560 2192 negoti0,
589 2097 748 2191 probata,
774 2119 815 2168 ac
845 2091 958 2172 statim
997 2119 1080 2191 pro,-

94 2213 206 2288 fetri:
240 2213 321 2311 quia
337 2216 381 2290 de
401 2213 589 2313 improviso
602 2213 810 2305 acciderant,
839 2214 949 2292 dubio
974 2235 1079 2314 atque

91 2338 270 2418 haefitante
284 2338 474 2434 Jugurtha,
501 2335 693 2410 incolumes
716 2335 904 2412 transeunt.
919 2367 922 2391 ¹
937 2336 1078 2412 Deinde

95 2457 218 2559 paucis
248 2457 386 2548 diebus,
412 2483 483 2556 quo
509 2457 557 2530 ire
587 2457 821 2549 intenderant,
857 2478 1101 2556 perventum..

139 2581 272 2655 CVIII.
291 2579 349 2654 Inr
370 2605 452 2652 curn
473 2580 613 2652 Boccho
642 2578 803 2655 Numida
828 2577 987 2675 quidam,
1011 2575 1080 2650 As-

94 2729 156 2800 par
176 2699 335 2790 nomine‚
366 2701 518 2773 multum
532 2695 796 2772 &familiariter
816 2699 963 2795 agebat:
992 2723 1079 2794 prae-

92 2823 211 2896 miffus
245 2824 290 2895 ab
321 2822 506 2920 Jugurtha,
537 2819 724 2916 postquam
757 2819 889 2890 Sullam
927 2817 1080 2914 accitum

93 2945 264 3032 audierat,
279 2945 443 3031 oraton&
457 2940 603 3014 subdole
615 2939 831 3037 speculatum
847 2938 976 3012 Bocchi
995 2965 1079 3014 con·
1100 2988 1107 3020 t
1181 2994 1182 2999 η

93 3066 164 3139 filia
181 3094 190 3137 ε
208 3083 374 3162 praeterea
390 3064 522 3150 Dabar,
541 3061 778 3158 Maffugradae
797 3060 901 3151 filius,
918 3084 962 3132 ex
977 3082 1080 3160 gente

65 3162 66 3170 ἵ
93 3185 299 3274 Mafiniffae,
330 3203 482 3258 ceterum
513 3201 669 3256 materno
688 3207 814 3280 genere
830 3180 966 3279 impar;
986 3203 1082 3279 pater

94 3305 166 3405 ejus
189 3331 236 3386 ex
261 3303 460 3378 concubina
487 3323 582 3405 nrtus
600 3322 696 3388 erat3
715 3306 845 3376 Mauro
873 3305 921 3376 ob
948 3301 1080 3400 ingenii

94 3428 208 3504 multa
239 3429 334 3500 bona
360 3451 456 3500 carus
481 3421 734 3520 acceptusque:
772 3423 893 3520 Qtem
920 3422 1081 3494 Bocchus

94 3549 212 3630 fidum
245 3545 418 3620 Romanis
447 3543 566 3618 multis
594 3563 694 3616 antea
726 3529 992 3640 tempestatibus
1018 3567 1080 3614 ex-

96 3687 230 3768 pertus,
244 3671 247 3675 ’
260 3667 356 3740 illico
373 3667 418 3742 ad
435 3667 569 3740 Sullam
596 3663 802 3738 nunciatum
830 3659 949 3749 mittit,
973 3669 1000 3732 ‘.‘
1019 3689 1080 3760 pa-

100 3797 127 3850 t‘
145 3811 263 3880 ratum
279 3786 345 3868 sese
361 3786 488 3878 facere,
515 3812 594 3895 quae
613 3785 765 3883 populus
795 3787 980 3864 Romanus
1007 3785 1081 3861 uel,
