2668 4698
259 387 330 460 300
394 359 539 434 Poncrr
571 357 781 432 Larnoms
811 353 1089 429 Dactaunrro
1178 355 1184 371 '

305 533 420 608 XVII.
445 532 622 628 Perpauca
637 528 713 602 satis
735 527 886 626 attigille
902 525 1015 616 suerit,
1040 549 1085 598 ne
1111 522 1232 600 solitu·

254 651 337 725 dine
365 651 401 724 in
423 651 493 748 ipsa
511 650 735 723 latibulorum
756 667 913 736 tuorum,
939 671 1022 719 cum
1046 671 1105 720 ora
1129 645 1233 743 vulgi

254 773 357 869 plane
373 768 603 859 devitavilses,
620 767 775 843 sesellille
789 788 824 840 te
840 767 994 839 crederes
1010 765 1231 864 diligentiam

254 891 397 988 pariter,
434 911 541 988 atque
568 888 771 962 industriam
798 885 1021 962 consularem.
1082 885 1231 984 Linquo

252 1012 402 1084 telorum
418 1009 721 1097 innumerabilem,
748 1029 854 1106 atque
875 1005 1153 1105 inexcogitatam
1170 1032 1230 1080 co-

253 1131 361 1228 piam,
391 1157 498 1230 quam
514 1131 550 1202 in
568 1129 688 1203 iisdem
704 1125 886 1202 furialibus
908 1125 1015 1200 antris
1032 1127 1230 1224 constipan-

171 1279 174 1284 ·
252 1253 350 1341 darn,
381 1271 487 1348 atque
514 1250 757 1324 occultandam
785 1247 857 1322 sore
889 1244 1058 1322 curavisti.
1116 1245 1231 1321 Mitto

251 1373 363 1445 literas
387 1397 494 1444 manu
509 1391 569 1444 tua
586 1368 734 1467 scriptas,
763 1369 904 1442 diversis
931 1366 1130 1464 municipiis
1149 1369 1228 1440 red-

251 1493 398 1582 dendas,
425 1517 504 1589 quae
532 1489 642 1564 furori
663 1510 725 1563 tuo
746 1489 954 1579 succurrere,
980 1506 1087 1586 atque
1113 1489 1228 1585 opitlr·

251 1612 315 1686 lari
331 1612 490 1686 vellent.‹
520 1609 675 1686 Transeo
701 1637 774 1684 rem
798 1610 894 1684 illam
916 1609 1127 1684 simillimam
1144 1635 1229 1706 pro-

251 1732 363 1831 digio,
390 1759 474 1807 cum
496 1757 600 1806 mane
622 1731 685 1805 isto
698 1729 774 1828 jam
794 1732 914 1804 coacto
929 1733 1070 1821 Senatu,
1096 1731 1225 1803 redun-

251 1854 480 1952 dantibusque
503 1850 680 1942 subselliis,
706 1851 809 1925 serius
831 1850 868 1924 in
896 1853 1075 1941 Senatum,
1106 1873 1229 1948 praeter

250 1975 548 2064 consuetudinem,
575 1971 743 2047 venisses:
772 1972 869 2070 quod
885 1970 973 2044 nulli
995 1997 1067 2044 non
1082 1973 1180 2045 oculi
1196 1991 1231 2048 te

249 2097 454 2170 Senatorum
481 2093 597 2167 statim
619 2097 863 2191 consignarunt
889 2091 1144 2190 ingredientem
1167 2095 1228 2167 de-

249 2216 351 2290 millo
380 2217 495 2306 vultu,
522 2215 653 2311 pallore
683 2213 840 2304 terribili,
866 2212 1055 2288 luminibus
1083 2215 1230 2287 erranti·

249 2337 329 2424 bus,
355 2360 395 2407 ac
413 2331 500 2406 facie
515 2332 715 2430 praeserente
731 2331 844 2406 nescio
861 2333 948 2430 quid
965 2333 1132 2407 inusitatae
1150 2361 1230 2410 cru-

247 2451 407 2528 delitatis.
456 2453 623 2525 Praeterea
647 2447 882 2528 Saturnalibus
910 2453 1066 2551 proxime
1082 2453 1228 2547 futuris,

248 2599 324 2649 rem
340 2571 469 2646 adoriri
482 2573 635 2669 placuit:
664 2574 807 2672 quodie
825 2573 944 2650 civitas
967 2573 1081 2648 omnis
1104 2573 1228 2650 seriata

246 2692 392 2793 publico
419 2691 547 2783 edisl0,
577 2693 730 2767 conferre
757 2692 824 2768 sese
840 2695 877 2768 in
899 2715 1057 2768 montem
1075 2697 1226 2770 Aventi-

247 2842 348 2904 num,
375 2839 416 2888 ac
441 2813 592 2888 rusticari
614 2815 876 2911 quodammodo
905 2814 1001 2889 solita
1029 2814 1104 2888 est:
1144 2841 1226 2891 etun

245 2953 286 3007 tu
308 2959 453 3009 manum
477 2931 600 3006 suroris
628 2933 679 3006 tui
702 2933 888 3033 diligenter
911 2929 1093 3025 armatam,
1120 2956 1228 3035 atquc

182 3077 185 3087 ’
245 3053 460 3142 instrustam
488 3053 639 3149 primum
654 3056 698 3128 ad
715 3055 847 3128 caedem
859 3055 1015 3144 Senatus,
1041 3080 1085 3128 ac
1102 3057 1224 3131 consu·

246 3175 335 3263 lum,
354 3172 481 3244 deinde
499 3174 544 3244 ad
558 3175 800 3270 occupandam
817 3173 981 3271 Capitolii
1002 3201 1122 3248 arcem
1144 3202 1223 3250 mu·
1322 3215 1323 3222 1

245 3293 444 3368 nitiffimam
459 3289 572 3364 suetas
593 3291 826 3368 immissurus:
853 3314 957 3392 atque
973 3295 1026 3368 his
1051 3295 1222 3392 persestis,

243 3415 387 3486 daturus
403 3437 544 3509 operam
571 3437 653 3484 cum
670 3413 856 3510 direptioni
883 3415 1046 3513 publica,
1073 3435 1154 3489 tum
1170 3418 1222 3489 in·
1322 3421 1323 3464 ³

244 3533 466 3608 flammandis
503 3529 655 3621 aedibus,
689 3553 793 3631 atque
831 3536 884 3612 his
914 3535 1131 3612 trucidandis
1161 3536 1222 3710 qui
1322 3511 1323 3542 l

245 3654 377 3748 Remp.
396 3648 583 3727 defendere
599 3651 792 3727 voluissent.
873 3709 878 3720 .
