2662 4686
231 409 297 462 102
430 365 1036 464 C.Cn1sr15nur„usr11

228 557 367 660 proviso
384 555 609 632 multitudine
632 557 873 630 Numidarum
904 555 991 628 Auli
1019 551 1132 629 castra
1148 553 1214 627 cir-

229 662 422 755 cum'venit.
472 677 608 756 Milites
627 677 799 768 Romani,
817 678 974 750 tumultu
992 675 1141 774 perculfi
1158 673 1213 747 in-

222 799 341 892 ¹solim,
370 825 467 874 arma
494 817 619 897 capere
636 799 706 890 alii,
736 799 793 874 alii
809 797 843 873 se
861 799 1004 887 abdere,
1024 822 1101 894 pars
1117 795 1216 868 terri-

178 961 182 980 ·
227 941 282 996 tos
301 925 531 1008 confirmare;
550 921 720 1019 trepidare
737 920 903 996 omnibus
920 918 1025 992 locis:
1045 917 1097 990 vis
1115 943 1217 1016 mag-

230 1071 275 1118 na
292 1044 458 1133 hostium,
483 1045 617 1118 eoelum
635 1045 737 1120 noete
754 1062 860 1141 atque
882 1039 1036 1116 nubibus
1053 1037 1217 1112 obscura·

228 1186 328 1250 tum;
372 1163 565 1260 periculum
607 1189 760 1262 anceps:
801 1161 975 1260 postremo
1008 1158 1142 1260 fugere,
1172 1185 1218 1236 an

218 1269 393 1375 manere,
411 1284 518 1357 tutius
535 1282 637 1372 foret,
663 1285 699 1356 in
721 1285 853 1357 incerto
876 1303 960 1355 erar.
1010 1283 1079 1356 Sed
1105 1307 1149 1355 ex
1175 1307 1219 1355 eo

231 1431 394 1498 numero,
424 1433 512 1504 quos
531 1407 649 1503 paullo
666 1425 746 1498 ante
763 1425 941 1503 corruptos
959 1402 1129 1494 diximus,
1156 1429 1217 1476 co·

228 1529 309 1602 hors
327 1553 398 1599 una
411 1526 604 1628 Ligurum,
624 1553 707 1600 cum
726 1527 864 1600 duabus
880 1523 1009 1598 turmis‘
1018 1525 1218 1616 Thracum,

232 1653 265 1722 δι
284 1648 403 1747 paucis
422 1648 586 1748 gregariis
604 1649 788 1739 militibus,
806 1651 964 1721 transrere
992 1645 1038 1719 ad
1068 1671 1216 1744 regem:

231 1775 265 1844 ὅτ
286 1769 442 1843 centurio
460 1769 564 1866 primi
584 1769 646 1866 pili
664 1769 771 1842 tertiae
789 1767 940 1868 legionis
964 1791 1033 1864 per,
1047 1763 1219 1848 munitio-

230 1917 327 1981 nem,
347 1917 469 1989 quam,
488 1890 539 1964 uti
556 1888 772 1982 defenderet,
792 1909 985 1986 acceperat,
999 1889 1119 1968 locum
1137 1885 1218 1984 hol-

232 2011 326 2085 tibus
349 2011 549 2084 introeundi
566 2012 689 2085 dedit:
708 2037 820 2110 eaque
836 2010 1006 2084 Numidae
1024 2006 1140 2082 cundi
1169 2006 1220 2080 ir-

230 2156 365 2228 rupere.
415 2130 534 2205 Nostri
563 2130 659 2204 foeda
688 2130 786 2232 fuga,
818 2132 976 2229 plerique
1000 2126 1141 2226 abjedtis
1162 2155 1221 2203 ar·

193 2301 195 2305 -
231 2251 312 2340 mis,
341 2267 558 2347 proxumum
581 2252 709 2323 collem
727 2265 957 2347 occupavere.
1008 2253 1097 2328 Nox
1115 2270 1223 2349 atque

232 2371 351 2470 praeda
385 2369 573 2446 castrorum
590 2371 718 2461 hostes,
738 2397 811 2468 quo
829 2369 944 2443 minus
974 2369 1120 2445 vidoria
1143 2391 1223 2445 ute,

230 2512 360 2581 rentur,
387 2511 562 2564 remorata
589 2489 678 2572 sunt.
745 2491 840 2566 Dein
874 2491 1051 2591 Jugurtha
1079 2492 1222 2588 postero

231 2611 289 2684 die
315 2637 397 2694 curn
414 2612 511 2685 Aulo
528 2611 565 2697 in
583 2613 763 2712 colloquio
779 2615 889 2687 verba
904 2612 1009 2688 facit:
1041 2620 1069 2656 “
1086 2617 1220 2688 tametsi
1271 2591 1273 2596 Α

233 2741 262 2780 “
281 2732 394 2830 ipsum
412 2759 494 2806 cum
513 2734 667 2808 exercitu
684 2731 790 2825 fame,
823 2732 914 2808 ferro
932 2732 1085 2809 clausum
1103 2754 1213 2808 tenet:

140 2923 141 2934 ,
208 2862 261 2948 ,“
282 2875 401 2927 tamen
422 2851 454 2932 se
472 2856 705 2930 humanarum
730 2882 847 2930 rerum
872 2881 1094 2948 memorem,
1122 2860 1145 2928 fi
1170 2854 1221 2937 se-

236 2983 262 3019 “
282 3001 366 3056 cum
384 2975 499 3050 foedus
516 2974 655 3068 faceret,
681 2977 867 3052 incolumis
882 2978 996 3051 omnis
1013 2975 1222 3077 subjugum

235 3104 263 3146 “
282 3089 489 3168 miffurum':
519 3119 696 3192 praeterea,
724 3099 776 3173 uti
800 3098 923 3186 diebus
943 3099 1068 3172 decem
1089 3098 1221 3172 Numi-

236 3216 341 3290 “dia
378 3215 599 3288 decederet.'’
661 3223 752 3317 Qrae
786 3245 1006 3319 quamquam
1033 3217 1152 3319 grauia
1185 3223 1221 3293 δι

235 3336 359 3437 flagitii
376 3338 478 3433 plena
500 3357 597 3410 erant
614 3367 622 3410 ε
650 3358 781 3430 tamen,
798 3342 879 3438 quia
893 3340 1014 3416 mortis
1029 3359 1125 3427 metu
1139 3365 1221 3413 mu*

199 3549 207 3564 ‚
233 3464 368 3567 tabant,
396 3456 492 3532 ficuti
509 3457 582 3556 regi
600 3457 760 3551 libuerat,
777 3486 859 3558 'pax
877 3461 1054 3535 convenit.

285 3563 465 3656 XXXIX.
503 3581 578 3652 Suu
607 3579 668 3653 ubi
694 3605 734 3653 ea
763 3585 892 3660 Romae
920 3601 1101 3680 comperta
1125 3581 1222 3674 sunt,

235 3709 349 3780 metus
374 3722 480 3799 atque
503 3725 634 3773 moeror
656 3699 835 3776 civitatem
857 3698 1035 3776 invasere:
1059 3728 1136 3799 pars
1155 3702 1223 3775 do-

235 3826 317 3910 lerew
331 3850 395 3924 pro
425 3821 534 3924 gloria
556 3820 709 3922 imperii:
738 3847 813 3928 pars
827 3820 962 3910 insolita
978 3849 1096 3904 rerum
1120 3822 1223 3900 belli,
