2662 4686
336 373 341 386 ,
423 292 767 396 Juoun'rlrm
1052 322 1097 400 93

104 475 134 520 ‘²
151 470 343 574 experiar:
372 497 496 550 verum
513 475 550 550 id
567 476 703 566 frustra,
730 503 774 549 an
794 477 842 548 ob
865 499 941 548 rem
958 467 1098 568 faciam,

104 598 191 670 “in
221 597 338 671 vestra
365 623 474 670 manu
502 601 618 688 situm,
649 596 826 696 Qirites.
876 599 1005 694 Neque
1030 625 1098 696 ego

105 725 134 760 “
154 721 293 810 hortor,
325 719 424 816 quod
456 717 545 816 saepe
578 715 724 816 majores
749 716 852 790 vestri
888 715 1014 808 fecere,
1046 719 1097 790 uti

107 846 136 880 “
153 859 282 912 contra
315 837 456 938 injurias
485 838 607 912 armati
640 839 733 912 eatis.
772 837 897 920 Nihil
926 839 976 928 vi,
1013 839 1099 912 nihil

104 967 131 1002 “
148 959 336 1034 lecesfione
359 986 470 1058 opus:
498 963 632 1033 necell'e
659 959 721 1048 est,
749 957 883 1032 suomet
913 959 974 1058 ipfi
997 985 1097 1033 more

106 1087 131 1121 “
152 1081 351 1178 praecipites
370 1102 477 1154 eant..
508 1075 633 1154 Occiso
650 1071 795 1154 Tiberio
811 1083 962 1170 Gracc0‚
990 1107 1097 1178 quem

9 1245 10 1286 3
108 1207 136 1242 ‘⁶
154 1227 311 1300 regnum
341 1227 461 1300 parare
490 1200 642 1302 ajebant‚¹
668 1201 704 1274 in
735 1203 877 1298 plebem
896 1205 1099 1282 Romanam

9 1307 10 1312 ἵ
107 1328 135 1362 “
158 1321 368 1418 quaestiones
403 1323 530 1396 habitae
563 1323 651 1395 sunt.
712 1323 793 1396 Post
823 1323 864 1394 C.
895 1321 1024 1394 Gracci
1064 1326 1098 1394 &

108 1449 137 1484 “
158 1445 217 1516 M.
235 1443 354 1516 Fulvii
377 1445 525 1534 caedem,
551 1444 636 1517 item
669 1443 772 1516 multi
798 1443 898 1516 vestri
914 1441 1044 1516 ordinis
1062 1441 1098 1514 in

9 1597 10 1606 ¹
110 1567 140 1603 “
159 1589 295 1636 carcere
319 1563 431 1637 necati
452 1563 553 1636 sunt:
592 1563 772 1660 utriusque
794 1563 901 1637 cladis
923 1590 995 1636 non
1024 1565 1097 1654 lex,

9 1701 10 1704 ’
103 1691 132 1726 “
151 1685 418 1759 verumlubido
436 1711 560 1759 eorum
577 1688 685 1760 finem
703 1682 794 1758 fecit.
837 1683 905 1757 Sed
923 1683 1001 1757 sane
1018 1683 1093 1758 fue-

82 1813 136 1848 “‘
157 1807 204 1878 rit
236 1806 334 1904 regni
356 1806 502 1903 parati0,
532 1806 627 1904 plebi
658 1805 717 1880 sua
745 1805 932 1878 restituere.
982 1804 1096 1900 Qud-

110 1933 140 1968 “
160 1926 248 2024 quid
266 1931 334 2000 sine
352 1925 519 2026 sanguine
536 1927 669 2000 civium
697 1925 815 1999 ulcisci
841 1925 1006 2023 nequitur
1017 1921 1098 2021 jure

110 2053 137 2090 “
157 2044 293 2120 faulum
316 2051 364 2134 fit,
413 2048 654 2145 Superioribus
683 2041 782 2120 annis
808 2046 904 2121 taciti
934 2045 1097 2144 indigna·

9 2223 11 2228 -
109 2175 140 2210 “
160 2167 309 2258 bamini,
348 2169 505 2243 aerarium
539 2168 707 2267 expilari3
745 2195 844 2268 reges
878 2173 911 2242 δε
948 2169 1097 2265 populos

109 2289 283 2364 “liberos
313 2291 432 2388 paucis
455 2290 633 2365 nobilibus
650 2290 802 2389 veeligal
831 2290 1005 2387 pendere;
1033 2316 1095 2388 pe·
1150 2295 1152 2303 ’

111 2419 219 2486 “nes
238 2408 379 2486 eosdem
399 2417 433 2486 δε
462 2409 635 2485 summam
661 2411 823 2510 gloriam,
853 2415 886 2488 ἃ
913 2438 1098 2484 maxumas

110 2539 137 2575 “
155 2533 295 2607 divitias
314 2535 404 2606 effe:
432 2552 549 2606 tamen
571 2535 647 2624 haewc
676 2533 756 2606 tolia
781 2531 934 2604 facinora
954 2533 1099 2629 impune

110 2660 137 2696 “
154 2652 348 2754 sulcepiffe,
388 2680 509 2751 parum
544 2657 706 2727 habuere.
766 2655 890 2747 Itaque
921 2653 1098 2748 postremo
1169 2697 1171 2710 ι

111 2781 138 2816 “
156 2777 264 2888 leges²
289 2775 445 2875 majestas
463 2777 589 2866 vestra,
608 2774 735 2883 divina
749 2779 782 2845 &
805 2774 959 2852 humana
977 2772 1097 2844 omnia

9 2963 10 2970 ,
112 2897 314 2971 “hostibus
337 2897 462 2973 tradita
484 2897 572 2970 sunt.
623 2897 754 2992 Neque
777 2918 848 2983 em,
880 2891 941 2990 qui
971 2889 1095 2983 fecere,

112 3023 137 3058 “
156 3019 266 3115 pudet
283 3039 343 3091 aut
361 3017 533 3116 poenitet:
558 3016 617 3091 sed
636 3016 804 3094 incedunt
829 3041 968 3126 perora
985 3017 1098 3090 vestra

113 3144 137 3180 “
155 3138 343 3238 magnifice
356 3169 367 3225 ;
395 3138 583 3212 sacerdotia
614 3143 647 3211 ὅτ
680 3135 890 3227 consulatus,
930 3163 1008 3234 pars
1037 3159 1096 3210 trr-

114 3265 140 3300 “
159 3260 410 3358 umphosssu‘os
427 3261 659 3367 ostentantes:
680 3258 824 3356 perinde
843 3262 937 3356 quafi
955 3259 1094 3347 honori,

114 3387 139 3422 “
155 3408 230 3455 non
249 3385 377 3480 praedae
395 3383 558 3455 habeant.
608 3379 704 3453 Servi
733 3404 799 3453 aere
814 3379 929 3476 'parati
952 3377 1098 3476 imperia

115 3509 140 3544 “
155 3501 540 3600 injustadominorum
566 3527 639 3573 non
668 3499 868 3597 perferunt:
897 3525 975 3588 vos,
1007 3497 1097 3596 Qi-

114 3628 141 3664 “
158 3623 254 3714 rites,
278 3619 533 3720 imperiumn,
559 3648 662 3721 aequo
687 3619 1026 3728 animolervitutem
1043 3639 1097 3692 to·
1187 3643 1215 3688 a

113 3749 138 3785 “
155 3743 282 3817 leratis.
334 3743 463 3842 Atqui
487 3742 565 3817 lunt
587 3741 638 3834 h'i,
667 3741 727 3844 qui
753 3737 1010 3838 rempublicam
1038 3767 1096 3814 oc-
