2664 4692
230 343 300 418 218
496 337 803 414 Sarnusrrr
847 335 1015 410 Hrsn.

277 513 372 586 Cum
389 511 542 612 interlm,
561 509 706 602 lumine,
724 509 830 585 etiam
858 529 935 584 turn
960 509 1108 599 incerto,
1136 503 1233 586 duae‘

228 633 354 710 Galliae
379 635 537 710 mulieres
561 652 776 708 conventum
799 630 948 705 vitantes
970 632 1015 704 ad
1040 631 1223 708 menstrua

227 753 394 830 solvenda
410 762 569 830 montem
587 753 787 828 ascendunt.
838 753 942 827 Idem.

276 875 487 974 Pluteosque
514 873 674 950 rescindit
704 899 744 948 ac
767 873 980 948 munitiones
1003 871 1220 966 demolitur,

227 999 378 1096 locoque
390 993 529 1072 summo
542 995 683 1094 potitur.
709 999 812 1082 Idem,
829 996 1049 1086 Demoliriest
1066 996 1220 1070 diruere.

279 1117 482 1193 Exercitum
511 1117 653 1208 dimisit,
677 1137 717 1192 ut
735 1117 891 1216 primurn
906 1118 1018 1215 Alpes
1035 1117 1221 1214 degressus

228 1239 291 1316 est.
342 1241 533 1333 Arrtstanus.

275 1361 499 1450 Tetrarchas,
525 1358 692 1458 regesque
719 1359 855 1434 territos
888 1357 997 1432 animi
1044 1358 1218 1434 firmavit.

227 1483 328 1555 Idem.
924 1465 928 1473 s

278 1602 388 1677 Simul
416 1621 489 1694 eos,
521 1605 556 1676 δι
579 1603 724 1676 cunclos
745 1598 822 1698 jarn
858 1600 1042 1673 inclinatos
1068 1601 1218 1674 laxitate

226 1723 310 1814 loci,
328 1727 446 1822 plures
462 1726 637 1813 cohortes,
665 1743 769 1821 atque
790 1749 927 1813 omnes,
946 1743 985 1795 ut
1009 1719 1218 1796 infecunda

227 1871 264 1918 re
289 1845 416 1944 pariter
441 1869 519 1918 acre
538 1845 719 1918 invadunt.
768 1845 914 1918 Nonius.

275 1967 330 2042 Hi
343 1968 503 2040 locorum
516 1965 702 2064 perignari‚
727 1968 760 2037 δι
783 1963 872 2038 soliti
885 1965 1023 2037 nectere
1040 1989 1087 2038 ex
1106 1964 1216 2040 vitni·

227 2085 331 2160 nibus
359 2085 438 2158 vasa
465 2086 622 2183 agrestia,
648 2086 696 2158 ibi
716 2106 808 2174 turn,
833 2085 930 2183 quod
960 2083 1079 2183 inopia
1096 2084 1215 2160 scuto·
1320 2079 1323 2089 λ

225 2231 305 2280 runt
323 2204 448 2296 fuerat,
475 2191 609 2280 adeam
626 2225 734 2278 artent
758 2204 791 2278 se
820 2203 965 2303 quisque
993 2207 1030 2278 in
1055 2205 1215 2279 sormam

218 2351 357 2422 'parma
376 2325 540 2428 equestris
558 2328 724 2400 armabat.
750 2328 895 2415 Nonius,
910 2331 1038 2402 Parma
1069 2331 1113 2424 est
1130 2333 1214 2426 scu-

226 2464 296 2521 tum
331 2451 444 2522 breve.
538 2527 540 2531 ,

274 2571 332 2644 De
353 2595 479 2668 pecore
506 2567 600 2644 coria
625 2595 744 2644 recens
761 2571 927 2660 detracta,
952 2573 1048 2669 quast
1074 2571 1214 2669 glutino

225 2689 479 2766 adolescebant.
502 2748 507 2754 -
534 2693 701 2788 Charifius
725 2695 749 2765 l.
779 2719 809 2765 1.
834 2697 985 2768 Servius.

134 2871 140 2890 .
250 2812 400 2886 Avidiot
417 2815 527 2887 modo
540 2804 747 2914 properandi
759 2812 882 2888 fastus.
932 2815 1133 2908 Arufianus.

272 2932 414 3005 Consilii
440 2959 545 3032 aeger.
596 2938 698 3008 Idem.
990 2941 1000 2952 ’

196 3061 199 3067 “
274 3053 415 3124 Reverst
447 3054 583 3148 postero
614 3055 686 3146 die,
720 3059 843 3146 multa,
875 3083 953 3154 quae
980 3075 1210 3154 properantes

224 3167 439 3244 deseruerant
457 3172 635 3265 incastris,
651 3171 755 3268 nacti,
771 3203 853 3250 curn
875 3176 908 3250 se
932 3177 981 3250 ibi
1007 3177 1088 3251 cibo
1106 3178 1208 3250 vino-

224 3281 293 3388 qtte
316 3291 386 3363 laeti
410 3291 605 3366 invitarent.
630 3299 775 3383 Nonius,
795 3303 944 3372 invitare
961 3302 1003 3392 est
1019 3299 1159 3394 repleri.

273 3416 395 3510 Atque
417 3411 525 3484 hiavit
549 3416 679 3490 hnrnus
697 3420 822 3508 multa,
847 3419 942 3493 vasta
958 3425 996 3492 ὅτ
1014 3417 1204 3516 profunda.

225 3535 327 3607 Idem.
344 3536 462 3620 Hiare,
476 3539 618 3630 aperire.
717 3531 721 3546 ’

272 3652 403 3727 Rursus
425 3652 587 3750 jumenta
610 3656 702 3732 nesii
724 3659 769 3732 ad
795 3658 969 3758 oppidum
992 3659 1040 3734 ire
1057 3679 1204 3736 conten·

148 3869 151 3874 Ι
226 3771 326 3848 dunt.
376 3777 518 3854 Nonius.
