<?xml version="1.0" encoding="UTF-8"?>
<!DOCTYPE html PUBLIC "-//W3C//DTD XHTML 1.0 Transitional//EN"
    "http://www.w3.org/TR/xhtml1/DTD/xhtml1-transitional.dtd">
<html xmlns="http://www.w3.org/1999/xhtml" xml:lang="en" lang="en">
 <head>
  <title>
</title>
<meta http-equiv="Content-Type" content="text/html;charset=utf-8" />
  <meta name='ocr-system' content='tesseract 3.04.00' />
  <meta name='ocr-capabilities' content='ocr_page ocr_carea ocr_par ocr_line ocrx_word'/>
</head>
<body>
  <div class='ocr_page' id='page_1' title='image "./caiicrispisallu00sallgoog_0082.png"; bbox 0 0 2672 4682; ppageno 0'>
   <div class='ocr_carea' id='block_1_1' title="bbox 125 261 1023 414">
    <p class='ocr_par' dir='ltr' id='par_1_1' title="bbox 125 261 1023 414">
     <span class='ocr_line' id='line_1_1' title="bbox 125 261 1023 414; baseline -0.01 -20"><span class='ocrx_word' id='word_1_1' title='bbox 125 387 127 394; x_wconf 83' lang='lat'><em>.</em></span> <span class='ocrx_word' id='word_1_2' title='bbox 243 327 290 414; x_wconf 68' lang='lat' dir='ltr'>7²ae</span> <span class='ocrx_word' id='word_1_3' title='bbox 435 312 477 386; x_wconf 92' lang='lat' dir='ltr'>C.</span> <span class='ocrx_word' id='word_1_4' title='bbox 510 261 696 387; x_wconf 75' lang='lat' dir='ltr'>Cnrsrr</span> <span class='ocrx_word' id='word_1_5' title='bbox 731 313 1023 387; x_wconf 79' lang='lat' dir='ltr'>Snrrusrrr</span> 
     </span>
    </p>
   </div>
   <div class='ocr_carea' id='block_1_2' title="bbox 241 482 1232 2644">
    <p class='ocr_par' dir='ltr' id='par_1_2' title="bbox 241 482 1232 2644">
     <span class='ocr_line' id='line_1_2' title="bbox 241 482 1228 588; baseline -0.002 -28"><span class='ocrx_word' id='word_1_6' title='bbox 241 497 270 534; x_wconf 74' lang='lat'>‘⁴</span> <span class='ocrx_word' id='word_1_7' title='bbox 290 511 379 576; x_wconf 90' lang='lat' dir='ltr'>rem,</span> <span class='ocrx_word' id='word_1_8' title='bbox 399 505 522 588; x_wconf 77' lang='lat' dir='ltr'>prater</span> <span class='ocrx_word' id='word_1_9' title='bbox 540 484 769 562; x_wconf 84' lang='lat' dir='ltr'>miserandam</span> <span class='ocrx_word' id='word_1_10' title='bbox 780 482 982 570; x_wconf 82' lang='lat' dir='ltr'>fortunam3</span> <span class='ocrx_word' id='word_1_11' title='bbox 1010 483 1106 582; x_wconf 93' lang='lat' dir='ltr'>quod</span> <span class='ocrx_word' id='word_1_12' title='bbox 1124 487 1228 582; x_wconf 85' lang='lat' dir='ltr'>paul-</span> 
     </span>
     <span class='ocr_line' id='line_1_3' title="bbox 242 604 1225 706; baseline -0.003 -24"><span class='ocrx_word' id='word_1_13' title='bbox 242 617 269 654; x_wconf 91' lang='lat'><strong><em>“</em></strong></span> <span class='ocrx_word' id='word_1_14' title='bbox 289 611 324 682; x_wconf 93' lang='lat' dir='ltr'>lo</span> <span class='ocrx_word' id='word_1_15' title='bbox 341 605 420 682; x_wconf 82' lang='lat' dir='ltr'>ante</span> <span class='ocrx_word' id='word_1_16' title='bbox 446 633 522 700; x_wconf 87' lang='lat' dir='ltr'>rex,</span> <span class='ocrx_word' id='word_1_17' title='bbox 552 631 693 706; x_wconf 84' lang='lat' dir='ltr'><strong>genere,</strong></span> <span class='ocrx_word' id='word_1_18' title='bbox 722 605 816 681; x_wconf 88' lang='lat' dir='ltr'>sama</span> <span class='ocrx_word' id='word_1_19' title='bbox 832 627 938 704; x_wconf 88' lang='lat' dir='ltr'>atque</span> <span class='ocrx_word' id='word_1_20' title='bbox 955 604 1065 704; x_wconf 91' lang='lat' dir='ltr'>copiis</span> <span class='ocrx_word' id='word_1_21' title='bbox 1083 623 1225 702; x_wconf 89' lang='lat' dir='ltr'>potens,</span> 
     </span>
     <span class='ocr_line' id='line_1_4' title="bbox 241 725 1227 826; baseline -0.005 -21"><span class='ocrx_word' id='word_1_22' title='bbox 241 737 270 776; x_wconf 89' lang='lat'><strong>“</strong></span> <span class='ocrx_word' id='word_1_23' title='bbox 288 757 382 804; x_wconf 90' lang='lat' dir='ltr'>nunc</span> <span class='ocrx_word' id='word_1_24' title='bbox 399 728 614 804; x_wconf 88' lang='lat' dir='ltr'>deformatus</span> <span class='ocrx_word' id='word_1_25' title='bbox 631 729 809 818; x_wconf 77' lang='lat' dir='ltr'>arumnis,</span> <span class='ocrx_word' id='word_1_26' title='bbox 837 727 954 826; x_wconf 87' lang='lat' dir='ltr'>inops,</span> <span class='ocrx_word' id='word_1_27' title='bbox 986 725 1116 800; x_wconf 85' lang='lat' dir='ltr'>alienas</span> <span class='ocrx_word' id='word_1_28' title='bbox 1138 751 1227 824; x_wconf 83' lang='lat' dir='ltr'>opes</span> 
     </span>
     <span class='ocr_line' id='line_1_5' title="bbox 241 847 1229 951; baseline -0.004 -25"><span class='ocrx_word' id='word_1_29' title='bbox 241 860 270 898; x_wconf 91' lang='lat'>“</span> <span class='ocrx_word' id='word_1_30' title='bbox 290 849 474 950; x_wconf 66' lang='lat' dir='ltr'>exspeEio:</span> <span class='ocrx_word' id='word_1_31' title='bbox 503 869 622 923; x_wconf 85' lang='lat' dir='ltr'>tamen</span> <span class='ocrx_word' id='word_1_32' title='bbox 649 870 721 926; x_wconf 85' lang='lat' dir='ltr'>erat</span> <span class='ocrx_word' id='word_1_33' title='bbox 738 849 921 951; x_wconf 88' lang='lat' dir='ltr'>majestatis</span> <span class='ocrx_word' id='word_1_34' title='bbox 939 847 1095 922; x_wconf 88' lang='lat' dir='ltr'>Romani</span> <span class='ocrx_word' id='word_1_35' title='bbox 1113 873 1229 946; x_wconf 87' lang='lat' dir='ltr'>popu·</span> 
     </span>
     <span class='ocr_line' id='line_1_6' title="bbox 241 967 1227 1070; baseline -0.004 -24"><span class='ocrx_word' id='word_1_36' title='bbox 241 982 268 1023; x_wconf 87' lang='lat'><strong>“</strong></span> <span class='ocrx_word' id='word_1_37' title='bbox 289 974 327 1065; x_wconf 90' lang='lat' dir='ltr'>li,</span> <span class='ocrx_word' id='word_1_38' title='bbox 352 969 535 1070; x_wconf 90' lang='lat' dir='ltr'>prohibere</span> <span class='ocrx_word' id='word_1_39' title='bbox 561 967 735 1069; x_wconf 84' lang='lat' dir='ltr'>injuriam,</span> <span class='ocrx_word' id='word_1_40' title='bbox 765 997 879 1070; x_wconf 88' lang='lat' dir='ltr'>neque</span> <span class='ocrx_word' id='word_1_41' title='bbox 910 968 1116 1068; x_wconf 87' lang='lat' dir='ltr'>cujusquam</span> <span class='ocrx_word' id='word_1_42' title='bbox 1145 993 1227 1069; x_wconf 85' lang='lat' dir='ltr'>reg·</span> 
     </span>
     <span class='ocr_line' id='line_1_7' title="bbox 242 1089 1227 1192; baseline -0.003 -24"><span class='ocrx_word' id='word_1_43' title='bbox 242 1101 375 1168; x_wconf 88' lang='lat' dir='ltr'>“num</span> <span class='ocrx_word' id='word_1_44' title='bbox 394 1117 454 1190; x_wconf 85' lang='lat' dir='ltr'>per</span> <span class='ocrx_word' id='word_1_45' title='bbox 469 1089 577 1173; x_wconf 84' lang='lat' dir='ltr'>scelus</span> <span class='ocrx_word' id='word_1_46' title='bbox 590 1090 764 1166; x_wconf 89' lang='lat' dir='ltr'>cresceret.</span> <span class='ocrx_word' id='word_1_47' title='bbox 814 1094 949 1165; x_wconf 89' lang='lat' dir='ltr'>Verum</span> <span class='ocrx_word' id='word_1_48' title='bbox 966 1117 1036 1192; x_wconf 86' lang='lat' dir='ltr'>ego</span> <span class='ocrx_word' id='word_1_49' title='bbox 1063 1090 1118 1165; x_wconf 88' lang='lat' dir='ltr'>his</span> <span class='ocrx_word' id='word_1_50' title='bbox 1147 1093 1227 1165; x_wconf 85' lang='lat' dir='ltr'>fini-</span> 
     </span>
     <span class='ocr_line' id='line_1_8' title="bbox 241 1210 1228 1312; baseline -0.002 -24"><span class='ocrx_word' id='word_1_51' title='bbox 241 1223 270 1260; x_wconf 90' lang='lat'><strong>“</strong></span> <span class='ocrx_word' id='word_1_52' title='bbox 291 1218 354 1288; x_wconf 92' lang='lat' dir='ltr'>bus</span> <span class='ocrx_word' id='word_1_53' title='bbox 383 1210 511 1310; x_wconf 71' lang='lat' dir='ltr'>ejesius</span> <span class='ocrx_word' id='word_1_54' title='bbox 536 1211 626 1304; x_wconf 90' lang='lat' dir='ltr'>sum,</span> <span class='ocrx_word' id='word_1_55' title='bbox 659 1239 748 1311; x_wconf 92' lang='lat' dir='ltr'>quos</span> <span class='ocrx_word' id='word_1_56' title='bbox 764 1211 951 1312; x_wconf 86' lang='lat' dir='ltr'>majoribus</span> <span class='ocrx_word' id='word_1_57' title='bbox 969 1213 1054 1289; x_wconf 89' lang='lat' dir='ltr'>meis</span> <span class='ocrx_word' id='word_1_58' title='bbox 1073 1215 1228 1310; x_wconf 88' lang='lat' dir='ltr'>populus</span> 
     </span>
     <span class='ocr_line' id='line_1_9' title="bbox 242 1314 1228 1433; baseline -0.002 -23"><span class='ocrx_word' id='word_1_59' title='bbox 242 1343 271 1380; x_wconf 91' lang='lat'><strong>“</strong></span> <span class='ocrx_word' id='word_1_60' title='bbox 292 1339 476 1410; x_wconf 86' lang='lat' dir='ltr'>Romanus</span> <span class='ocrx_word' id='word_1_61' title='bbox 494 1314 618 1408; x_wconf 81' lang='lat' dir='ltr'>dedit:</span> <span class='ocrx_word' id='word_1_62' title='bbox 643 1334 739 1408; x_wconf 90' lang='lat' dir='ltr'>unde</span> <span class='ocrx_word' id='word_1_63' title='bbox 767 1355 865 1433; x_wconf 87' lang='lat' dir='ltr'>pater</span> <span class='ocrx_word' id='word_1_64' title='bbox 893 1335 931 1407; x_wconf 88' lang='lat'>&amp;</span> <span class='ocrx_word' id='word_1_65' title='bbox 958 1359 1044 1408; x_wconf 85' lang='lat' dir='ltr'>avus</span> <span class='ocrx_word' id='word_1_66' title='bbox 1067 1361 1138 1407; x_wconf 84' lang='lat' dir='ltr'>una</span> <span class='ocrx_word' id='word_1_67' title='bbox 1162 1361 1228 1408; x_wconf 85' lang='lat' dir='ltr'>vo·</span> 
     </span>
     <span class='ocr_line' id='line_1_10' title="bbox 243 1453 1228 1554; baseline 0.001 -24"><span class='ocrx_word' id='word_1_68' title='bbox 243 1463 271 1502; x_wconf 90' lang='lat'>“</span> <span class='ocrx_word' id='word_1_69' title='bbox 292 1453 426 1530; x_wconf 90' lang='lat' dir='ltr'>biscum</span> <span class='ocrx_word' id='word_1_70' title='bbox 444 1458 609 1553; x_wconf 82' lang='lat' dir='ltr'>expulere</span> <span class='ocrx_word' id='word_1_71' title='bbox 630 1457 826 1554; x_wconf 82' lang='lat' dir='ltr'>Syphacem</span> <span class='ocrx_word' id='word_1_72' title='bbox 854 1461 887 1530; x_wconf 77' lang='grc' dir='ltr'>δι</span> <span class='ocrx_word' id='word_1_73' title='bbox 915 1454 1228 1554; x_wconf 84' lang='lat' dir='ltr'>Carthaginienses.</span> 
     </span>
     <span class='ocr_line' id='line_1_11' title="bbox 243 1575 1227 1675; baseline 0.005 -27"><span class='ocrx_word' id='word_1_74' title='bbox 243 1583 271 1620; x_wconf 91' lang='lat'><strong>“</strong></span> <span class='ocrx_word' id='word_1_75' title='bbox 289 1576 411 1650; x_wconf 86' lang='lat' dir='ltr'>Vestra</span> <span class='ocrx_word' id='word_1_76' title='bbox 433 1577 603 1650; x_wconf 86' lang='lat' dir='ltr'>beneficia</span> <span class='ocrx_word' id='word_1_77' title='bbox 620 1599 738 1674; x_wconf 92' lang='lat' dir='ltr'>erepta</span> <span class='ocrx_word' id='word_1_78' title='bbox 755 1577 847 1670; x_wconf 91' lang='lat' dir='ltr'>sunt,</span> <span class='ocrx_word' id='word_1_79' title='bbox 871 1581 991 1652; x_wconf 87' lang='lat' dir='ltr'>Patres</span> <span class='ocrx_word' id='word_1_80' title='bbox 1013 1575 1227 1675; x_wconf 84' lang='lat' dir='ltr'><strong>conscripti:</strong></span> 
     </span>
     <span class='ocr_line' id='line_1_12' title="bbox 244 1695 1230 1796; baseline 0.002 -26"><span class='ocrx_word' id='word_1_81' title='bbox 244 1703 272 1740; x_wconf 92' lang='lat'><strong>“</strong></span> <span class='ocrx_word' id='word_1_82' title='bbox 291 1723 355 1770; x_wconf 87' lang='lat' dir='ltr'>vos</span> <span class='ocrx_word' id='word_1_83' title='bbox 372 1698 409 1770; x_wconf 93' lang='lat' dir='ltr'>in</span> <span class='ocrx_word' id='word_1_84' title='bbox 428 1723 505 1772; x_wconf 87' lang='lat' dir='ltr'>mea</span> <span class='ocrx_word' id='word_1_85' title='bbox 521 1695 644 1795; x_wconf 87' lang='lat' dir='ltr'>injuria</span> <span class='ocrx_word' id='word_1_86' title='bbox 661 1697 812 1796; x_wconf 78' lang='lat' dir='ltr'>despeeti</span> <span class='ocrx_word' id='word_1_87' title='bbox 824 1699 912 1774; x_wconf 86' lang='lat' dir='ltr'>estis.</span> <span class='ocrx_word' id='word_1_88' title='bbox 965 1701 1068 1778; x_wconf 87' lang='lat' dir='ltr'>Eheu</span> <span class='ocrx_word' id='word_1_89' title='bbox 1086 1725 1144 1772; x_wconf 90' lang='lat' dir='ltr'>me</span> <span class='ocrx_word' id='word_1_90' title='bbox 1160 1699 1230 1772; x_wconf 78' lang='lat' dir='ltr'>mi-</span> 
     </span>
     <span class='ocr_line' id='line_1_13' title="bbox 242 1817 1231 1918; baseline 0.004 -26"><span class='ocrx_word' id='word_1_91' title='bbox 242 1825 271 1863; x_wconf 90' lang='lat'><strong>“</strong></span> <span class='ocrx_word' id='word_1_92' title='bbox 288 1817 423 1892; x_wconf 90' lang='lat' dir='ltr'>serum!</span> <span class='ocrx_word' id='word_1_93' title='bbox 452 1819 631 1910; x_wconf 89' lang='lat' dir='ltr'>Huccine,</span> <span class='ocrx_word' id='word_1_94' title='bbox 649 1817 801 1918; x_wconf 80' lang='lat' dir='ltr'>Micipsa</span> <span class='ocrx_word' id='word_1_95' title='bbox 818 1841 929 1918; x_wconf 88' lang='lat' dir='ltr'>pater,</span> <span class='ocrx_word' id='word_1_96' title='bbox 947 1819 1118 1898; x_wconf 82' lang='lat' dir='ltr'>beneficia</span> <span class='ocrx_word' id='word_1_97' title='bbox 1147 1845 1231 1900; x_wconf 84' lang='lat' dir='ltr'>eva-</span> 
     </span>
     <span class='ocr_line' id='line_1_14' title="bbox 242 1939 1232 2040; baseline 0.003 -27"><span class='ocrx_word' id='word_1_98' title='bbox 242 1948 270 1984; x_wconf 91' lang='lat'><strong>“</strong></span> <span class='ocrx_word' id='word_1_99' title='bbox 289 1941 372 2030; x_wconf 90' lang='lat' dir='ltr'>sere,</span> <span class='ocrx_word' id='word_1_100' title='bbox 403 1939 453 2012; x_wconf 93' lang='lat' dir='ltr'>uti</span> <span class='ocrx_word' id='word_1_101' title='bbox 471 1967 577 2039; x_wconf 89' lang='lat' dir='ltr'>quem</span> <span class='ocrx_word' id='word_1_102' title='bbox 601 1961 640 2014; x_wconf 91' lang='lat' dir='ltr'>tu</span> <span class='ocrx_word' id='word_1_103' title='bbox 665 1967 785 2040; x_wconf 85' lang='lat' dir='ltr'>parem</span> <span class='ocrx_word' id='word_1_104' title='bbox 803 1969 886 2016; x_wconf 91' lang='lat' dir='ltr'>cum</span> <span class='ocrx_word' id='word_1_105' title='bbox 904 1941 1035 2033; x_wconf 86' lang='lat' dir='ltr'>liberis,</span> <span class='ocrx_word' id='word_1_106' title='bbox 1057 1941 1232 2040; x_wconf 78' lang='lat' dir='ltr'>regnique</span> 
     </span>
     <span class='ocr_line' id='line_1_15' title="bbox 243 2059 1231 2160; baseline 0.004 -28"><span class='ocrx_word' id='word_1_107' title='bbox 243 2059 498 2156; x_wconf 86' lang='lat' dir='ltr'>“participem</span> <span class='ocrx_word' id='word_1_108' title='bbox 525 2059 650 2152; x_wconf 85' lang='lat' dir='ltr'>fecisti,</span> <span class='ocrx_word' id='word_1_109' title='bbox 686 2061 715 2134; x_wconf 92' lang='lat' dir='ltr'>is</span> <span class='ocrx_word' id='word_1_110' title='bbox 745 2063 974 2160; x_wconf 84' lang='lat' dir='ltr'>potissumum</span> <span class='ocrx_word' id='word_1_111' title='bbox 1010 2060 1126 2160; x_wconf 85' lang='lat' dir='ltr'>stirpis</span> <span class='ocrx_word' id='word_1_112' title='bbox 1157 2081 1231 2136; x_wconf 83' lang='lat' dir='ltr'>tuae</span> 
     </span>
     <span class='ocr_line' id='line_1_16' title="bbox 243 2179 1231 2281; baseline 0.008 -28"><span class='ocrx_word' id='word_1_113' title='bbox 243 2187 272 2224; x_wconf 89' lang='lat'><strong>“</strong></span> <span class='ocrx_word' id='word_1_114' title='bbox 292 2179 483 2254; x_wconf 70' lang='lat' dir='ltr'>exstinsior</span> <span class='ocrx_word' id='word_1_115' title='bbox 497 2184 561 2253; x_wconf 87' lang='lat' dir='ltr'>fit?</span> <span class='ocrx_word' id='word_1_116' title='bbox 590 2183 848 2278; x_wconf 80' lang='lat' dir='ltr'>Numquamne</span> <span class='ocrx_word' id='word_1_117' title='bbox 865 2209 950 2281; x_wconf 87' lang='lat' dir='ltr'>ergo</span> <span class='ocrx_word' id='word_1_118' title='bbox 962 2181 1097 2260; x_wconf 86' lang='lat' dir='ltr'>familia</span> <span class='ocrx_word' id='word_1_119' title='bbox 1113 2183 1231 2261; x_wconf 74' lang='lat' dir='ltr'>nostra.</span> 
     </span>
     <span class='ocr_line' id='line_1_17' title="bbox 244 2299 1232 2404; baseline 0.005 -32"><span class='ocrx_word' id='word_1_120' title='bbox 244 2307 274 2344; x_wconf 88' lang='lat'><strong>“</strong></span> <span class='ocrx_word' id='word_1_121' title='bbox 294 2299 413 2398; x_wconf 89' lang='lat' dir='ltr'>quieta</span> <span class='ocrx_word' id='word_1_122' title='bbox 429 2299 520 2374; x_wconf 87' lang='lat' dir='ltr'>erit?</span> <span class='ocrx_word' id='word_1_123' title='bbox 545 2299 724 2398; x_wconf 84' lang='lat' dir='ltr'>semperne</span> <span class='ocrx_word' id='word_1_124' title='bbox 746 2300 783 2373; x_wconf 92' lang='lat' dir='ltr'>in</span> <span class='ocrx_word' id='word_1_125' title='bbox 810 2300 990 2402; x_wconf 84' lang='lat' dir='ltr'>sanguine,</span> <span class='ocrx_word' id='word_1_126' title='bbox 1016 2302 1120 2392; x_wconf 86' lang='lat' dir='ltr'>ferm,</span> <span class='ocrx_word' id='word_1_127' title='bbox 1145 2301 1232 2404; x_wconf 75' lang='lat' dir='ltr'>fuga</span> 
     </span>
     <span class='ocr_line' id='line_1_18' title="bbox 244 2415 1230 2523; baseline 0.007 -29"><span class='ocrx_word' id='word_1_128' title='bbox 244 2430 272 2466; x_wconf 90' lang='lat'><strong>“</strong></span> <span class='ocrx_word' id='word_1_129' title='bbox 290 2421 532 2496; x_wconf 80' lang='lat' dir='ltr'>versabimur?</span> <span class='ocrx_word' id='word_1_130' title='bbox 575 2421 675 2496; x_wconf 89' lang='lat' dir='ltr'>Dum</span> <span class='ocrx_word' id='word_1_131' title='bbox 703 2420 1002 2523; x_wconf 83' lang='lat' dir='ltr'>Carthaginienses</span> <span class='ocrx_word' id='word_1_132' title='bbox 1032 2415 1230 2516; x_wconf 80' lang='lat' dir='ltr'>incplunies</span> 
     </span>
     <span class='ocr_line' id='line_1_19' title="bbox 245 2524 1230 2644; baseline 0.002 -27"><span class='ocrx_word' id='word_1_133' title='bbox 245 2549 274 2586; x_wconf 89' lang='lat'><strong>“</strong></span> <span class='ocrx_word' id='word_1_134' title='bbox 290 2543 400 2634; x_wconf 86' lang='lat' dir='ltr'>fuere,</span> <span class='ocrx_word' id='word_1_135' title='bbox 424 2524 503 2644; x_wconf 83' lang='lat' dir='ltr'>jure</span> <span class='ocrx_word' id='word_1_136' title='bbox 525 2543 645 2620; x_wconf 87' lang='lat' dir='ltr'>omnia</span> <span class='ocrx_word' id='word_1_137' title='bbox 660 2541 751 2618; x_wconf 85' lang='lat' dir='ltr'>saeva</span> <span class='ocrx_word' id='word_1_138' title='bbox 768 2543 1009 2642; x_wconf 87' lang='lat' dir='ltr'>patiebamur:</span> <span class='ocrx_word' id='word_1_139' title='bbox 1036 2543 1152 2618; x_wconf 90' lang='lat' dir='ltr'>hostes</span> <span class='ocrx_word' id='word_1_140' title='bbox 1186 2549 1230 2619; x_wconf 89' lang='lat' dir='ltr'>ab</span> 
     </span>
    </p>
   </div>
   <div class='ocr_carea' id='block_1_3' title="bbox 119 2664 1230 2764">
    <p class='ocr_par' dir='ltr' id='par_1_3' title="bbox 119 2664 1230 2764">
     <span class='ocr_line' id='line_1_20' title="bbox 119 2664 1230 2764; baseline 0.001 -25"><span class='ocrx_word' id='word_1_141' title='bbox 119 2715 122 2722; x_wconf 77' lang='lat'><em>,</em></span> <span class='ocrx_word' id='word_1_142' title='bbox 232 2671 273 2746; x_wconf 68' lang='lat'>‚“</span> <span class='ocrx_word' id='word_1_143' title='bbox 292 2667 412 2757; x_wconf 85' lang='lat' dir='ltr'>latere,</span> <span class='ocrx_word' id='word_1_144' title='bbox 437 2693 500 2742; x_wconf 87' lang='lat' dir='ltr'>vos</span> <span class='ocrx_word' id='word_1_145' title='bbox 523 2665 628 2742; x_wconf 86' lang='lat' dir='ltr'>amici</span> <span class='ocrx_word' id='word_1_146' title='bbox 658 2668 795 2764; x_wconf 88' lang='lat' dir='ltr'>procul,</span> <span class='ocrx_word' id='word_1_147' title='bbox 826 2664 902 2764; x_wconf 88' lang='lat' dir='ltr'>spes</span> <span class='ocrx_word' id='word_1_148' title='bbox 926 2665 1042 2740; x_wconf 92' lang='lat' dir='ltr'>omnis</span> <span class='ocrx_word' id='word_1_149' title='bbox 1066 2665 1230 2742; x_wconf 86' lang='lat' dir='ltr'>inarmis</span> 
     </span>
    </p>
   </div>
   <div class='ocr_carea' id='block_1_4' title="bbox 165 2784 1235 3863">
    <p class='ocr_par' dir='ltr' id='par_1_4' title="bbox 165 2784 1235 3863">
     <span class='ocr_line' id='line_1_21' title="bbox 245 2784 1230 2888; baseline 0 -28"><span class='ocrx_word' id='word_1_150' title='bbox 245 2793 274 2850; x_wconf 54' lang='grc' dir='ltr'>’ἒ</span> <span class='ocrx_word' id='word_1_151' title='bbox 292 2807 375 2860; x_wconf 89' lang='lat' dir='ltr'>erat.</span> <span class='ocrx_word' id='word_1_152' title='bbox 424 2788 615 2888; x_wconf 87' lang='lat' dir='ltr'>Postquam</span> <span class='ocrx_word' id='word_1_153' title='bbox 639 2787 699 2862; x_wconf 90' lang='lat' dir='ltr'>illa</span> <span class='ocrx_word' id='word_1_154' title='bbox 728 2787 832 2885; x_wconf 90' lang='lat' dir='ltr'>pestis</span> <span class='ocrx_word' id='word_1_155' title='bbox 854 2784 976 2885; x_wconf 58' lang='lat' dir='ltr'>uena,</span> <span class='ocrx_word' id='word_1_156' title='bbox 1007 2786 1079 2860; x_wconf 85' lang='lat' dir='ltr'>laeti</span> <span class='ocrx_word' id='word_1_157' title='bbox 1105 2803 1230 2884; x_wconf 87' lang='lat' dir='ltr'>pacem</span> 
     </span>
     <span class='ocr_line' id='line_1_22' title="bbox 246 2907 1233 3008; baseline 0.001 -29"><span class='ocrx_word' id='word_1_158' title='bbox 246 2915 274 2951; x_wconf 92' lang='lat'><strong>“</strong></span> <span class='ocrx_word' id='word_1_159' title='bbox 293 2908 538 3006; x_wconf 82' lang='lat' dir='ltr'>agitabamus:</span> <span class='ocrx_word' id='word_1_160' title='bbox 581 2911 716 3008; x_wconf 88' lang='lat' dir='ltr'>quippe</span> <span class='ocrx_word' id='word_1_161' title='bbox 751 2910 828 3008; x_wconf 91' lang='lat' dir='ltr'>quis</span> <span class='ocrx_word' id='word_1_162' title='bbox 863 2909 970 2983; x_wconf 90' lang='lat' dir='ltr'>hostis</span> <span class='ocrx_word' id='word_1_163' title='bbox 1004 2910 1134 2999; x_wconf 86' lang='lat' dir='ltr'>nullus,</span> <span class='ocrx_word' id='word_1_164' title='bbox 1170 2907 1233 2981; x_wconf 79' lang='lat' dir='ltr'>nist</span> 
     </span>
     <span class='ocr_line' id='line_1_23' title="bbox 246 3028 1230 3129; baseline -0.002 -27"><span class='ocrx_word' id='word_1_165' title='bbox 246 3035 274 3072; x_wconf 88' lang='lat'><strong>“</strong></span> <span class='ocrx_word' id='word_1_166' title='bbox 292 3028 385 3104; x_wconf 80' lang='lat' dir='ltr'>sorte</span> <span class='ocrx_word' id='word_1_167' title='bbox 403 3057 510 3128; x_wconf 87' lang='lat' dir='ltr'>quem</span> <span class='ocrx_word' id='word_1_168' title='bbox 520 3029 706 3129; x_wconf 81' lang='lat' dir='ltr'>jusfiffetis.</span> <span class='ocrx_word' id='word_1_169' title='bbox 758 3035 854 3106; x_wconf 86' lang='lat' dir='ltr'>Ecce</span> <span class='ocrx_word' id='word_1_170' title='bbox 877 3051 994 3107; x_wconf 84' lang='lat' dir='ltr'>autem</span> <span class='ocrx_word' id='word_1_171' title='bbox 1018 3055 1064 3104; x_wconf 86' lang='lat' dir='ltr'>ex</span> <span class='ocrx_word' id='word_1_172' title='bbox 1095 3028 1230 3126; x_wconf 90' lang='lat' dir='ltr'>impro-</span> 
     </span>
     <span class='ocr_line' id='line_1_24' title="bbox 245 3149 1231 3246; baseline -0.003 -24"><span class='ocrx_word' id='word_1_173' title='bbox 245 3157 274 3192; x_wconf 89' lang='lat'><strong>“</strong></span> <span class='ocrx_word' id='word_1_174' title='bbox 293 3149 367 3222; x_wconf 87' lang='lat' dir='ltr'>viso</span> <span class='ocrx_word' id='word_1_175' title='bbox 389 3151 580 3246; x_wconf 86' lang='lat' dir='ltr'>Jugurtha‚</span> <span class='ocrx_word' id='word_1_176' title='bbox 611 3151 828 3225; x_wconf 87' lang='lat' dir='ltr'>intoleranda</span> <span class='ocrx_word' id='word_1_177' title='bbox 845 3152 1003 3243; x_wconf 87' lang='lat' dir='ltr'>audacia,</span> <span class='ocrx_word' id='word_1_178' title='bbox 1034 3150 1158 3224; x_wconf 90' lang='lat' dir='ltr'>scelere</span> <span class='ocrx_word' id='word_1_179' title='bbox 1179 3170 1231 3223; x_wconf 71' lang='lat' dir='ltr'>at.</span> 
     </span>
     <span class='ocr_line' id='line_1_25' title="bbox 247 3268 1235 3370; baseline -0.002 -25"><span class='ocrx_word' id='word_1_180' title='bbox 247 3279 276 3316; x_wconf 87' lang='lat'><strong><em>“</em></strong></span> <span class='ocrx_word' id='word_1_181' title='bbox 295 3297 373 3370; x_wconf 88' lang='lat' dir='ltr'>que·</span> <span class='ocrx_word' id='word_1_182' title='bbox 394 3268 551 3367; x_wconf 89' lang='lat' dir='ltr'>superbia</span> <span class='ocrx_word' id='word_1_183' title='bbox 588 3270 655 3345; x_wconf 87' lang='lat' dir='ltr'>sese</span> <span class='ocrx_word' id='word_1_184' title='bbox 679 3271 846 3363; x_wconf 89' lang='lat' dir='ltr'>ecferens,</span> <span class='ocrx_word' id='word_1_185' title='bbox 881 3271 982 3349; x_wconf 86' lang='lat' dir='ltr'>fratre</span> <span class='ocrx_word' id='word_1_186' title='bbox 1004 3296 1099 3361; x_wconf 86' lang='lat' dir='ltr'>meu,</span> <span class='ocrx_word' id='word_1_187' title='bbox 1125 3290 1235 3369; x_wconf 84' lang='lat' dir='ltr'>atque</span> 
     </span>
     <span class='ocr_line' id='line_1_26' title="bbox 165 3375 1231 3491; baseline -0.008 -25"><span class='ocrx_word' id='word_1_188' title='bbox 165 3375 170 3390; x_wconf 53' lang='lat'><strong><em>¹</em></strong></span> <span class='ocrx_word' id='word_1_189' title='bbox 247 3399 275 3436; x_wconf 87' lang='lat'><strong>“</strong></span> <span class='ocrx_word' id='word_1_190' title='bbox 295 3392 421 3466; x_wconf 89' lang='lat' dir='ltr'>eodem</span> <span class='ocrx_word' id='word_1_191' title='bbox 440 3389 645 3490; x_wconf 87' lang='lat' dir='ltr'>propinquo</span> <span class='ocrx_word' id='word_1_192' title='bbox 670 3393 732 3466; x_wconf 92' lang='lat' dir='ltr'>suo</span> <span class='ocrx_word' id='word_1_193' title='bbox 759 3391 953 3491; x_wconf 63' lang='lat' dir='ltr'>intersestq</span> <span class='ocrx_word' id='word_1_194' title='bbox 974 3393 1131 3490; x_wconf 89' lang='lat' dir='ltr'>primum</span> <span class='ocrx_word' id='word_1_195' title='bbox 1149 3415 1231 3490; x_wconf 45' lang='lat' dir='ltr'>rega</span> 
     </span>
     <span class='ocr_line' id='line_1_27' title="bbox 248 3510 1232 3614; baseline 0.004 -30"><span class='ocrx_word' id='word_1_196' title='bbox 248 3519 381 3586; x_wconf 90' lang='lat' dir='ltr'>“num</span> <span class='ocrx_word' id='word_1_197' title='bbox 411 3510 481 3610; x_wconf 87' lang='lat' dir='ltr'>ejus</span> <span class='ocrx_word' id='word_1_198' title='bbox 507 3510 641 3589; x_wconf 86' lang='lat' dir='ltr'>sceleris</span> <span class='ocrx_word' id='word_1_199' title='bbox 667 3513 717 3594; x_wconf 88' lang='lat' dir='ltr'>sui</span> <span class='ocrx_word' id='word_1_200' title='bbox 742 3518 897 3614; x_wconf 85' lang='lat' dir='ltr'>praedam</span> <span class='ocrx_word' id='word_1_201' title='bbox 913 3515 1022 3588; x_wconf 86' lang='lat' dir='ltr'>feeit:</span> <span class='ocrx_word' id='word_1_202' title='bbox 1051 3513 1142 3611; x_wconf 89' lang='lat' dir='ltr'>post,</span> <span class='ocrx_word' id='word_1_203' title='bbox 1169 3512 1232 3588; x_wconf 89' lang='lat' dir='ltr'>ubi</span> 
     </span>
     <span class='ocr_line' id='line_1_28' title="bbox 248 3631 1233 3735; baseline 0.004 -31"><span class='ocrx_word' id='word_1_204' title='bbox 248 3639 275 3674; x_wconf 91' lang='lat'>“</span> <span class='ocrx_word' id='word_1_205' title='bbox 295 3658 353 3704; x_wconf 90' lang='lat' dir='ltr'>me</span> <span class='ocrx_word' id='word_1_206' title='bbox 368 3631 479 3706; x_wconf 90' lang='lat' dir='ltr'>isdem</span> <span class='ocrx_word' id='word_1_207' title='bbox 492 3633 581 3706; x_wconf 88' lang='lat' dir='ltr'>dolis</span> <span class='ocrx_word' id='word_1_208' title='bbox 593 3635 713 3734; x_wconf 90' lang='lat' dir='ltr'>nequit</span> <span class='ocrx_word' id='word_1_209' title='bbox 726 3662 864 3735; x_wconf 86' lang='lat' dir='ltr'>capere,</span> <span class='ocrx_word' id='word_1_210' title='bbox 879 3635 966 3709; x_wconf 93' lang='lat' dir='ltr'>nihil</span> <span class='ocrx_word' id='word_1_211' title='bbox 978 3635 1110 3726; x_wconf 86' lang='lat' dir='ltr'>minus,</span> <span class='ocrx_word' id='word_1_212' title='bbox 1123 3659 1233 3733; x_wconf 85' lang='lat' dir='ltr'>quam</span> 
     </span>
     <span class='ocr_line' id='line_1_29' title="bbox 248 3753 1232 3863; baseline 0.013 -38"><span class='ocrx_word' id='word_1_213' title='bbox 248 3759 276 3798; x_wconf 80' lang='lat'>‘⁶</span> <span class='ocrx_word' id='word_1_214' title='bbox 296 3753 385 3846; x_wconf 86' lang='lat' dir='ltr'>vim,</span> <span class='ocrx_word' id='word_1_215' title='bbox 411 3775 471 3830; x_wconf 86' lang='lat' dir='ltr'>aut</span> <span class='ocrx_word' id='word_1_216' title='bbox 495 3755 629 3835; x_wconf 89' lang='lat' dir='ltr'>bellum</span> <span class='ocrx_word' id='word_1_217' title='bbox 653 3755 927 3862; x_wconf 71' lang='lat' dir='ltr'>exspettantm,</span> <span class='ocrx_word' id='word_1_218' title='bbox 949 3755 986 3836; x_wconf 89' lang='lat' dir='ltr'>in</span> <span class='ocrx_word' id='word_1_219' title='bbox 1004 3755 1154 3863; x_wconf 84' lang='lat' dir='ltr'>imperio</span> <span class='ocrx_word' id='word_1_220' title='bbox 1170 3779 1232 3837; x_wconf 74' lang='lat' dir='ltr'>ve·</span> 
     </span>
    </p>
   </div>
   <div class='ocr_carea' id='block_1_5' title="bbox 0 0 1345 4682">
    <p class='ocr_par' dir='ltr' id='par_1_5' title="bbox 0 0 1345 4682">
     <span class='ocr_line' id='line_1_30' title="bbox 0 0 1345 4682; baseline 0 0"><span class='ocrx_word' id='word_1_221' title='bbox 0 0 1345 4682; x_wconf 95' lang='lat' dir='ltr'> </span> 
     </span>
    </p>
   </div>
  </div>
 </body>
</html>
