2668 4698
236 355 308 430 280
466 351 983 446 JucrurExsura-nnnrrus

236 548 332 616 runt;
347 529 380 602 δι
397 547 529 600 armata
543 523 748 600 validill'rma
764 551 871 599 manu
879 521 1089 622 juventutis,
1103 525 1150 597 ad
1162 549 1222 598 ur-

237 653 319 725 bem
348 668 532 738 venerunt,
558 667 663 745 atque
694 645 885 720 Odavium
912 645 1015 741 Sylla
1039 643 1222 718 satellitem

236 769 436 870 superatum
448 789 672 844 necavenmt.
709 769 816 842 Tunc
833 766 928 840 varia
938 766 1126 842 crudelitas
1144 791 1224 864 per·

236 913 367 992 vagata
382 891 446 980 est,
464 910 503 962 ut
520 888 686 964 nobilitas
702 888 817 962 omnis
834 889 880 964 ad
896 886 1129 986 fugitivorum
1146 907 1222 962 tru-

236 1014 406 1090 cidaretur
433 1009 628 1086 arbitrium.
680 1015 802 1110 Atque
829 1035 873 1083 eo
901 1009 1064 1084 immanis
1090 1009 1224 1084 saevitia

237 1134 361 1208 Cinnae
391 1131 471 1224 fuit,
498 1152 536 1206 ut
566 1155 631 1204 nec
648 1131 714 1204 illis
737 1149 906 1228 parceret,
933 1155 1085 1228 quorum
1118 1157 1226 1228 opera

237 1275 308 1330 erat
327 1253 437 1328 vietor
449 1253 604 1328 effeslus.
643 1253 789 1326 Etcum
807 1253 872 1326 hac
889 1249 1071 1326 insolentia
1086 1253 1124 1326 in
1141 1279 1223 1328 om·

240 1403 301 1452 nes
318 1359 552 1450 communiter
570 1375 811 1463 baccharetur,
839 1399 922 1446 cum
941 1374 1085 1447 haberet
1101 1373 1223 1449 conci-

236 1523 335 1588 ones,
364 1495 572 1570 amilitibus
593 1493 660 1568 suis
684 1491 816 1566 occisus
839 1492 900 1568 est.
949 1495 1049 1566 Tum
1067 1494 1219 1586 Marius,

129 1633 137 1646 ‘
234 1644 279 1692 ne
298 1622 365 1692 sine
382 1615 476 1689 socio
500 1615 719 1690 dominatum
741 1612 906 1688 sustinere
930 1640 1002 1688 non
1032 1617 1158 1712 posset,
1185 1616 1222 1690 in

238 1743 357 1814 locum
386 1737 588 1812 Carbonem
616 1736 677 1810 srbi
699 1735 736 1808 in
761 1731 909 1832 septimo
934 1733 1116 1810 consulatu
1148 1739 1223 1810 col-

235 1863 355 1961 legam
370 1859 581 1958 subrogavit.
964 1943 966 1948 ι

285 1987 330 2064 V.
355 1985 455 2056 Tum
480 1982 587 2076 Sylla,
615 1999 711 2052 tanta
736 1979 977 2078 indignatione
1004 1999 1220 2072 commotus,

235 2123 358 2178 contra
375 2100 536 2178 Marium
555 2121 661 2198 atque
683 2085 885 2175 Carbonem
916 2099 1109 2178 exercitum
1126 2104 1220 2177 dux·

237 2226 282 2310 it;
310 2229 343 2296 dr
362 2224 450 2296 inter
465 2221 499 2296 se
525 2219 621 2296 ferali
650 2220 840 2295 certamine
857 2221 1014 2297 Romani
1042 2223 1222 2304 exercitur

236 2343 438 2418 conflixere.
498 2345 539 2419 ln
568 2367 642 2440 quo
668 2341 762 2416 bello
788 2340 964 2442 superatus
992 2344 1041 2420 est
1067 2344 1221 2420 Marius.

236 2467 273 2538 ΙΤ
274 2491 336 2538 um
353 2487 438 2536 vero
456 2461 551 2560 Sylla
567 2462 693 2554 vidior,
720 2462 893 2561 quicquid
919 2463 956 2536 in
973 2467 1058 2538 urbe
1081 2490 1222 2538 remana

233 2585 333 2677 serat,
361 2583 546 2660 crudeliter
564 2582 759 2682 persecutus
782 2583 831 2658 ost
842 2614 853 2670 ;
881 2589 915 2660 δι
934 2589 982 2660 R.
1000 2588 1042 2665 ll,
1060 2585 1220 2662 vindica·

233 2725 305 2780 tam
323 2733 394 2780 non
412 2705 563 2780 reddidit
590 2705 741 2803 legibus,
768 2703 827 2780 sed
843 2703 914 2802 ipse
932 2705 1106 2806 polledit;
1134 2735 1176 2781 ac
1188 2707 1221 2782 se

233 2831 339 2902 talem
357 2827 520 2926 praebuit5
546 2845 586 2900 ut
602 2826 763 2899 Cinnana
779 2851 819 2899 ac
838 2826 1014 2918 Mariana,
1042 2829 1141 2925 quod
1165 2831 1219 2903 ul·

183 3027 187 3035 f
233 2968 311 3020 tum
345 2969 429 3036 erat,
468 2946 662 3020 dominatio
689 2965 913 3043 quaereretur.
963 2949 1064 3022 Hinc
1092 2949 1219 3024 Sallus·
1320 2979 1321 2988 ¹

177 3074 182 3084 '
233 3066 328 3154 tius3
355 3071 441 3138 bonis
457 3071 560 3139 initiis
577 3071 671 3140 malos
693 3083 826 3140 eventus
850 3069 972 3139 habuit.
1024 3071 1124 3143 Nam
1142 3069 1218 3144 sue-

234 3206 313 3260 runt
331 3187 424 3259 bona
453 3185 638 3284 principia,
665 3189 763 3286 quod
781 3189 975 3287 oppressam
992 3190 1115 3292 *voluit
1133 3192 1220 3265 civi·¹

232 3333 295 3380 um
312 3305 501 3380 defendere
526 3306 745 3381 libertatem:
773 3309 858 3384 mali
874 3331 1033 3404 eventus,
1060 3331 1101 3384 ut
1118 3310 1219 3410 supe-

231 3429 314 3504 ratis
331 3426 498 3518 dominis,
526 3428 725 3505 &ducibus
741 3428 853 3520 saevis,
881 3431 1020 3530 gravius
1044 3431 1116 3530 ipse
1134 3432 1220 3507 civi-
1320 3433 1321 3454 ¹

230 3569 339 3624 tatem
371 3547 555 3647 quassavit,
584 3549 644 3647 qui
672 3547 706 3622 se
730 3549 882 3650 publicae
910 3551 1117 3627 calamitatis
1147 3552 1221 3628 fore
1320 3557 1321 3566 ’

224 3669 439 3768 'promiserat
457 3665 684 3744 defensorem.
735 3671 810 3744 Hic
828 3697 912 3746 cum
941 3691 1074 3746 teneret
1101 3673 1217 3772 impe-

231 3787 337 3886 rium,
365 3790 493 3888 multas
512 3789 606 3902 leges
623 3815 663 3886 ac
683 3789 762 3898 jura
778 3791 995 3903 praeseripfit,
1023 3795 1152 3886 multas
1170 3791 1219 3868 ci·
1320 3877 1321 3902 ζ
