2662 4686
451 303 794 422 Juotsnrsrn.
1052 319 1119 410 ¹35

127 473 301 556 omnihus
326 471 557 552 concionibus
574 475 697 576 capitis
715 478 892 568 arce'ffere,
916 477 1023 554 Marii
1045 479 1118 554 vir·

129 601 254 674 tutent
274 597 312 670 in
345 595 456 696 majus
483 599 670 674 celebrare.
713 577 898 696 ,Denique
927 600 1046 698 plebes
1074 605 1119 678 fic

15 701 16 708 ἵ
130 715 290 810 accensa,
312 718 365 792 uti
399 718 542 818 opifices
559 717 773 820 agrestesque
801 745 939 812 ornnes,
968 744 1120 818 quorum
1159 751 1165 770 ·
1194 773 1196 786 ι

123 865 186 914 ‘res
201 836 358 940 fidesque
380 839 418 914 in
447 841 611 916 manibus
628 846 695 916 fitae
712 860 823 932 erant,
851 839 977 915 relictis
1003 841 1120 939 operi-

129 964 213 1052 bus,
240 960 498 1058 frequentarent
513 962 687 1053 Marium,
713 967 747 1036 δι
765 960 824 1036 sua
840 961 1025 1036 necelsaria
1043 965 1121 1061 post
1144 951 1146 958 ¹

68 1092 72 1100 '
130 1082 226 1156 illius
242 1084 415 1184 honorem
437 1084 615 1176 ducerem.
664 1086 732 1176 Ita,
750 1081 905 1181 perculsa
922 1083 1118 1176 nobilitate,

131 1203 211 1302 post
237 1205 365 1278 multas
381 1205 606 1304 tempestates
632 1231 727 1280 novo
760 1204 895 1280 homini
920 1204 1119 1280 consulatus

130 1326 331 1402 mandatur.
383 1328 430 1404 Et
457 1325 577 1422 postea
594 1328 749 1424 populus
776 1351 797 1398 a
822 1325 986 1400 Tribuno
1003 1327 1116 1425 plebi:

132 1445 287 1522 Manilio
310 1445 483 1526 Mancino
512 1467 667 1546 rogatus,
705 1471 819 1535 went
852 1473 1007 1522 vertar
1034 1475 1118 1524 curu
1187 1497 1191 1508 ·

133 1591 349 1660 Juourtrrrn
376 1593 539 1642 Barnun
564 1571 750 1645 urrann?
779 1566 942 1666 frequens
960 1570 1118 1646 Marium

127 1684 234 1784 jussit.
285 1692 430 1769 Senatus
456 1690 575 1788 paullo
603 1708 682 1762 ante
715 1689 865 1764 Metello
891 1689 1116 1766 decreverat:

133 1834 177 1884 ea
200 1835 253 1886 res
277 1809 399 1884 frustra
423 1809 498 1886 fuit.
922 1821 925 1824 ’

181 1933 354 2030 LXXIV.
394 1935 540 2006 Eoonnt
576 1951 736 2034 ternpore
752 1935 955 2032 ‘Jugurtha
992 1930 1117 2008 arniffis

132 2051 272 2143 amicis,
307 2078 460 2152 quorum
493 2053 675 2153 plerosque
702 2053 773 2153 ipse
793 2071 992 2144 necaverat,
1013 2051 1117 2128 ceteri

127 2171 334 2266 tormidine,
352 2201 431 2273 pars
458 2177 503 2256 ad
526 2179 723 2268 Romanos,
741 2175 799 2250 alii
822 2177 869 2250 ad
893 2200 1015 2274 regem
1026 2175 1116 2247 Boc-

133 2295 245 2373 chum
261 2293 506 2396 profugerant:
535 2324 619 2372 cum
646 2323 761 2396 neque
788 2299 923 2378 bellum
945 2294 1021 2394 geri
1047 2299 1116 2370 sine

132 2413 345 2492 admnustns
362 2420 483 2515 pollet,
503 2423 537 2492 dc
554 2443 730 2494 novorum
747 2420 856 2493 fidem
872 2419 910 2492 in
927 2437 1021 2494 tanta
1038 2441 1115 2515 per-

130 2537 220 2612 fidia
239 2558 406 2612 'veterum
422 2539 574 2636 experiri
599 2539 835 2637 periculosum
858 2541 1017 2630 duceret,
1053 2564 1114 2612 va·¹
1139 2521 1142 2528 ¹

130 2658 203 2732 rius
229 2657 447 2758 incertusque
474 2660 653 2759 agitabat:
682 2662 810 2757 Neque
831 2659 882 2732 illi
903 2683 971 2749 res,
1001 2682 1116 2754 neque

38 2832 41 2843 s
134 2779 316 2860 confilium
341 2800 402 2854 aut
426 2779 608 2880 quisquam
624 2779 809 2854 hominum
825 2778 901 2856 satis
928 2778 1114 2876 placebat:
1150 2829 1152 2832 -

132 2900 257 2982 itinera
275 2900 523 3000 praefectosque
536 2903 572 2976 in
589 2902 662 2976 dies
680 2921 836 2980 mutare:
862 2901 971 2974 modo
988 2899 1114 2974 advor,

132 3019 208 3102 sum
225 3021 352 3114 hostes,
370 3023 548 3098 interdurn
565 3023 602 3098 in
618 3021 817 3102 solitudines
834 3048 1002 3122 pergere:
1023 3023 1114 3123 saepc

131 3140 166 3214 in
195 3142 295 3242 fuga,
321 3169 362 3239 ac
391 3144 468 3243 post
491 3146 608 3242 paullo
630 3143 728 3250 spent
755 3143 792 3218 in
825 3145 930 3223 armis
960 3147 1113 3220 habere:

133 3264 305 3357 dubitare,
324 3265 443 3350 virtuti
460 3265 695 3363 popularium,
726 3291 771 3340 an
800 3266 871 3340 fide
900 3266 1015 3342 minus
1041 3292 1113 3340 cre-

133 3384 242 3464 deret.
266 3475 268 3480 Ι
293 3386 360 3476 Ita,
392 3411 617 3486 quocumque
643 3387 849 3478 intenderat,
864 3373 867 3380 ¹
881 3385 1112 3480 resadvon'ae

133 3490 238 3582 erant,
290 3507 359 3578 Sed
379 3507 474 3580 ⁴inter
492 3533 546 3582 eas
569 3535 684 3582 moras
701 3507 925 3608 repentesese
946 3507 1113 3582 Metellus
1214 3547 1215 3552 ,

133 3649 216 3708 curn
262 3627 418 3703 exercitu
448 3630 609 3703 ostendit.
672 3629 840 3704 Numida
862 3630 906 3700 ab
934 3631 1112 3726 jugurtha

133 3768 196 3860 pro
228 3765 386 3853 tempore
420 3751 527 3853 parati
556 3750 805 3860 instructique:
844 3748 926 3828 dein
954 3750 1112 3856 praelium
