2668 4698
255 365 323 440 292
420 341 565 415 Poncrr
593 341 1106 416 LnraonraDacaaunrro
1198 407 1200 414 ,

252 542 323 615 que
356 517 495 615 copiam
528 543 599 591 non
629 514 859 600 mediocrium
891 515 1056 591 vitiorum
1083 515 1149 589 sub
1171 516 1228 589 illa

167 622 170 628 ¹
252 635 373 710 frontis
399 637 533 710 erudita
561 638 673 726 simul,
701 655 806 733 atque
829 635 954 735 insigni
971 635 1229 733 pulchritudine

251 757 530 832 delitescentem:
562 775 730 854 praetereo
747 776 902 832 mentem
917 756 1008 838 illius
1027 757 1230 854 plusquam

254 877 510 978 gladiatoriam,
536 877 625 950 sitim
648 876 891 951 incredibilem
919 875 1065 950 humani
1082 875 1227 968 cruoris,

254 999 381 1072 mirum
406 996 642 1071 inconstantia
660 1023 784 1095 genus,
817 1000 956 1071 vultum
981 1021 1074 1070 nunc
1102 994 1228 1070 demis-

251 1117 340 1207 sum,
359 1143 453 1191 nunc
471 1095 633 1208 alicrem,
651 1143 745 1192 nunc
762 1118 982 1192 anhelantem
998 1115 1119 1206 scelus,
1136 1141 1228 1190 nunc

255 1238 364 1337 gratia
393 1237 588 1310 meretricia
603 1237 854 1336 florescentem,
880 1236 1055 1312 summum
1072 1241 1231 1336 pecuniae

250 1358 471 1448 desiderium,
500 1357 674 1435 summam
701 1360 800 1433 srmul
828 1357 1123 1457 prodigalitatem,
1146 1345 1229 1437 con-

252 1499 426 1576 temptum
437 1478 677 1554 incredibilem
687 1479 847 1556 omnium
858 1481 1033 1552 bonorum
1049 1508 1057 1551 :
1072 1478 1230 1577 itemque

252 1599 418 1674 eximiam
447 1625 528 1672 cum
555 1597 710 1689 summis,
736 1619 842 1696 atque
858 1593 1074 1672 ornatilsrmis
1093 1598 1229 1673 civibus

251 1719 533 1796 familiaritatem.
565 1720 664 1794 Nihil
681 1720 776 1792 enim
793 1719 857 1793 fuit
873 1719 938 1793 isto
956 1719 1110 1793 monstro
1126 1725 1230 1794 versr-

252 1841 391 1939 pellius,
411 1859 469 1912 aut
485 1839 687 1916 mutabilius
705 1839 890 1914 hominum
908 1840 1097 1913 memoria:
1126 1839 1175 1914 ita
1189 1861 1228 1914 ut

251 1987 303 2034 res
319 1959 549 2034 diversrffimae
574 1958 811 2057 saepenumero
837 1961 1020 2034 videantur
1043 1959 1080 2032 in
1103 1962 1229 2035 eodem

82 2156 84 2165 ,
196 2120 200 2126 ·
252 2082 409 2180 ingenio,
439 2099 606 2178 tanquam
636 2080 673 2153 in
701 2079 831 2184 sentina
857 2082 1010 2188 quadam
1036 2082 1226 2182 teterrima,

188 2293 191 2298 Ι
252 2201 353 2277 fimul
378 2203 582 2275 redundare.

301 2325 349 2394 X.
374 2320 473 2418 Qlis¹
492 2320 598 2417 igitur
619 2320 854 2396 dubitandum
872 2326 940 2397 else
957 2323 1142 2420 putaverit,
1166 2327 1228 2399 ho-

252 2441 384 2516 minem
403 2439 588 2536 praeditum
605 2437 745 2538 hujusce
761 2442 975 2516 institutione
999 2423 1092 2533 tritae,
1111 2471 1229 2537 remo-

169 2567 171 2572 ’
250 2561 416 2634 tiffimum
444 2563 489 2635 ab
515 2561 613 2635 omni
642 2587 766 2662 genere
800 2563 1050 2654 humanitatis‚.
1067 2563 1230 2659 perfacile

249 2681 317 2757 sese
329 2682 505 2757 teterrimo
522 2684 661 2781 cuique,
688 2704 793 2782 atque
809 2685 1055 2760 immaniffimo
1084 2683 1229 2760 facinori

251 2803 351 2878 fuisse
378 2805 752 2884 accommodatarum?
777 2807 927 2879 Fontem
951 2804 1155 2904 aperuimus
1170 2803 1228 2904 ju,

251 2924 346 2998 dices
364 2926 523 2998 omnium
540 2923 698 2998 Catilinae
719 2950 872 3016 morum,
891 2946 997 3024 atque
1011 2927 1128 3000 omnis
1145 2953 1228 3000 con-

251 3042 453 3133 suetudinis,
476 3045 570 3117 unde
587 3044 637 3118 illi
654 3045 884 3119 demanaviffe
901 3047 954 3120 vis
976 3045 1037 3120 ista
1066 3049 1231 3144 praeclara

253 3163 474 3238 confiliorum
502 3162 668 3238 facillime
693 3163 920 3263 intelligenda
947 3165 1022 3242 est:
1054 3193 1151 3242 nunc
1178 3169 1232 3244 vi,
1315 3261 1316 3264 Ἴ

218 3370 220 3375 ,
251 3286 408 3362 dendum
436 3282 497 3374 cst,
513 3282 628 3380 spem
654 3285 851 3360 atrocillrmi
884 3285 1030 3378 sceleris,
1056 3291 1152 3362 unde
1181 3290 1230 3364 illi
1315 3265 1316 3274 i

251 3403 541 3493 subministratam
554 3403 650 3477 fuine
660 3403 870 3504 judicemus.
920 3408 1012 3486 Cum
1034 3407 1099 3482 hie·
1113 3409 1230 3510 itaque

250 3526 367 3601 secum
383 3543 550 3624 repeteret
575 3524 746 3598 memoria
774 3522 1020 3602 miserandam·
1036 3527 1229 3626 ignomini-

251 3675 311 3722 am
339 3646 579 3734 comitiorum,
607 3644 790 3743 turpesque
815 3647 997 3746 angustiasv
1019 3649 1228 3725 affliuaeaei

139 3776 141 3788 '
206 3779 213 3788 '
252 3769 446 3872 [am-iliarisr
474 3767 645 3866 fimulque
661 3764 864 3861 intueretur,
876 3769 933 3842 vel
951 3767 1013 3845 fibi
1031 3769 1227 3863 vivendum
