2664 4692
250 329 319 418 184
528 321 817 396 smusm
855 321 1013 396 Hrsr.

248 519 305 572 cet
339 497 423 596 quia
451 524 535 572 norr-
548 499 647 572 aliter
673 497 757 572 salvi
781 496 926 598 satisque
943 497 1007 572 tuti
1026 495 1064 572 in
1079 497 1230 596 imperio

248 617 353 710 eritis,
374 619 433 692 nisr
450 619 584 699 Vettius
601 618 738 710 Picens,
768 619 875 694 scriba
905 617 1088 692 Cornelius
1115 617 1231 692 aliena

248 741 338 815 bene
354 761 470 836 parata
486 739 731 837 prodegerint:
756 739 818 814 nisr
848 739 1122 839 approbaveritis
1148 765 1228 813 om-

248 885 309 934 nes
326 859 588 958 proscriptiones
605 860 846 951 innoxiorum,
876 863 924 934 ob
952 858 1116 948 divitias3
1145 885 1229 933 cru-

248 980 357 1056 ciatus
374 981 528 1056 virorum
545 981 753 1068 illustrium3
783 981 912 1056 vastam
930 985 1053 1056 urbem
1070 977 1158 1079 suga
1192 984 1229 1054 δι

248 1103 432 1187 caedibus;
457 1103 549 1176 bona
565 1101 697 1176 civium
713 1101 928 1192 miserorum,
954 1104 1048 1200 quasr
1070 1100 1226 1176 Cimbri·-

247 1249 327 1296 cam
345 1223 515 1320 praedam,
531 1248 663 1296 venum
695 1245 756 1298 aut
783 1225 879 1296 dono
911 1223 1039 1296 datam.
1091 1217 1144 1296 At
1161 1224 1227 1296 ob·

240 1340 347 1440 jesiat
376 1341 464 1416 mihi
493 1345 711 1440 polleffiones
729 1370 775 1417 ex
804 1343 905 1418 bonis
923 1343 1223 1442 proscriptorum:

247 1463 346 1560 quod
375 1462 518 1561 quidem
547 1461 712 1538 scelerum
739 1464 829 1538 illius
851 1466 908 1538 vel
936 1489 1145 1538 maxumum
1162 1461 1225 1552 est,

247 1609 320 1658 non
349 1609 420 1674 me,
450 1610 565 1682 neque
593 1611 810 1683 quemquam
838 1585 997 1659 omnium
1014 1583 1091 1658 satis
1106 1603 1225 1656 tutum

246 1703 359 1794 suiffe,
388 1708 411 1777 sr
436 1707 526 1779 reae
554 1703 753 1780 faceremus.
804 1711 926 1805 Atque
954 1706 1012 1779 illa
1040 1731 1120 1802 quae
1146 1725 1226 1778 tum

248 1823 436 1899 formidine
452 1845 621 1900 mercatus
638 1823 728 1916 sum,
753 1827 870 1924 precio
887 1827 1021 1900 soluto:
1049 1823 1130 1922 jure
1159 1826 1224 1897 do-

184 2007 189 2016 ,
249 1944 353 2020 minis
381 1965 498 2017 tamen
516 1945 684 2033 restituo;
711 1973 825 2046 neque
854 1947 925 2046 pati
952 1945 1131 2020 confilium
1158 1945 1223 2035 est,

248 2067 357 2140 ullam
385 2091 430 2139 ex
451 2064 586 2139 civibus
604 2068 762 2163 praedam
779 2071 856 2142 effe.
905 2067 992 2142 Satis
1008 2066 1066 2140 illa
1081 2065 1223 2158 fuerint,
1261 2125 1265 2132 .

248 2214 328 2285 quae
357 2185 453 2259 rabie
479 2189 656 2260 contracta
680 2187 914 2278 toleravimus,
951 2213 1074 2264 manus
1105 2186 1223 2260 conse·

247 2306 476 2382 rentesinter
502 2306 535 2380 se
570 2312 752 2382 Romanos
778 2309 963 2399 exercitus,
993 2311 1026 2380 δι
1056 2333 1152 2382 arma
1179 2311 1223 2381 ab

247 2427 399 2502 externis
427 2426 463 2500 in
495 2428 628 2502 nosmet
645 2427 749 2502 versa.
798 2430 974 2503 Scelerum
989 2435 1023 2504 δε
1040 2448 1223 2502 contume⁴

247 2547 370 2622 liarum
387 2547 548 2622 omnium
577 2548 656 2622 finis
682 2553 732 2623 srt.
782 2553 943 2648 Qiorum
972 2551 1061 2624 adeo
1093 2551 1222 2624 Sullam

246 2695 319 2742 non
343 2668 503 2766 poenitet,
532 2688 572 2743 ut
590 2674 623 2744 ὃς
638 2669 727 2743 faeta
744 2669 780 2742 in
799 2669 907 2768 gloria
922 2691 1095 2761 numeret,
1125 2675 1174 2762 ὅτ,
1198 2675 1220 2744 sr

247 2791 361 2882 liceat,
387 2790 522 2863 avidius
539 2787 670 2863 fecerit.
725 2793 854 2888 Neque
875 2789 951 2889 jam
976 2790 1063 2888 quid
1093 2791 1218 2866 existu-

147 2995 153 3014 ἱ
245 2909 347 2982 metis
374 2911 419 2981 de
435 2909 510 2998 illo,
545 2909 602 2982 sed
620 2931 791 3007 quantum
810 2937 873 2984 vos
894 2911 1062 3004 audeatis,
1076 2937 1218 2986 vereor:

245 3053 305 3116 ne,
323 3027 409 3100 alius
434 3027 542 3101 aliurn
571 3029 763 3128 principem
787 3029 1037 3129 exspectantes,
1058 3052 1138 3106 ante
1166 3059 1219 3106 ca·

244 3145 408 3246 piamini;
438 3173 508 3219 non
524 3149 652 3245 opibus
670 3149 755 3249 ejus,
774 3177 852 3249 quae
868 3149 982 3224 futiles
1001 3156 1034 3224 &
1052 3168 1218 3249 corrupta

242 3268 333 3359 sunt,
362 3265 419 3340 sed
436 3267 545 3340 vestra
561 3266 729 3362 socordia,
751 3297 859 3368 quarn
887 3263 1030 3369 captum
1055 3271 1105 3346 ire
1126 3271 1216 3363 licet,

210 3471 212 3476 ,
244 3395 278 3464 u
298 3414 404 3487 quam
421 3389 547 3460 audeat
563 3408 634 3461 tam
652 3390 762 3464 videri
779 3392 930 3466 felicem.
981 3395 1076 3466 Nam
1101 3411 1218 3490 praeter

242 3510 400 3583 satellites
429 3509 716 3600 commaculatos,
748 3511 824 3609 quis
853 3514 975 3586 eadem
1009 3515 1115 3586 vult?
1163 3514 1217 3586 aut

243 3629 320 3726 quis
338 3655 412 3702 non
429 3628 548 3702 omnia
564 3649 711 3720 mutata,
741 3653 864 3729 praeter
882 3633 1098 3708 visloriam?
1133 3632 1215 3707 scili·

241 3769 295 3822 cet
307 3748 456 3825 milites:
479 3775 632 3848 quorum
643 3748 823 3850 sanguine,
837 3753 994 3828 Tarrulae
1009 3757 1212 3854 Scyrroque,
