2662 4686
256 322 321 396 162
443 316 485 390 C.
514 315 705 390 Crtrsrr
738 313 1029 400 Satrusrrr

253 500 330 556 turn
351 479 451 560 foret,
504 483 560 556 Eo
593 482 737 580 praetnio
771 482 906 556 illectus
934 483 1108 570 Bocchus,
1151 503 1234 558 curn

254 629 383 700 magna
409 602 632 678 multitudine
655 603 869 703 Jugurtham
886 602 1033 680 accedit.
1083 603 1136 680 Ita
1162 627 1235 676 am-

254 725 379 798 borum
396 723 551 798 exercitu
565 723 766 823 conjundto,
793 724 953 814 Marium
970 720 1101 820 jamin
1120 721 1235 796 hiber·

253 871 300 920 na
323 844 609 942 proficiscentem,
640 846 702 920 vix
731 845 869 920 decima
897 865 994 942 parte
1010 843 1069 918 die
1085 843 1235 942 reliqua,

171 1045 174 1050 ,
253 965 451 1040 invadunt:
487 967 551 1040 rati
581 969 736 1060 nudem,
766 964 944 1066 quaejam
971 965 1104 1056 aderat,
1135 964 1237 1042 vittis

254 1085 316 1160 fibi
343 1085 562 1162 munimento
584 1085 682 1174 fore3
714 1093 761 1178 δι,
792 1091 814 1160 fi
849 1087 1021 1178 vidisent,
1045 1086 1144 1161 nullo
1170 1083 1237 1158 im·

253 1207 474 1306 pediment0,
508 1208 590 1306 quia
624 1191 785 1284 locorum
801 1207 943 1282 scientes
960 1227 1080 1282 erant:
1113 1225 1238 1281 contra

254 1328 428 1406 Romanis
456 1349 646 1429 utrumque
679 1329 795 1414 casum
823 1329 859 1406 in
885 1327 1035 1425 tenebris
1061 1327 1235 1402 difficilio-

252 1475 338 1522 rem.
390 1450 501 1549 Igitur
519 1453 617 1526 snnul
635 1450 763 1526 Consul
794 1477 839 1524 ex
868 1450 985 1524 multis
1013 1452 1058 1524 de
1083 1448 1235 1524 hostium
1289 1496 1291 1498 -

146 1609 149 1621 ·
253 1573 408 1648 adventu
425 1571 609 1671 cognovit,
630 1578 662 1646 δι
681 1572 741 1670 ipfi
759 1572 874 1647 hostes
891 1576 1047 1662 aderant,
1071 1576 1105 1644 δε
1130 1569 1238 1668 prius·

253 1719 362 1790 quarn
380 1693 551 1770 exercitus
568 1715 627 1769 aut
643 1693 779 1785 instrui,
806 1715 867 1776 aut
894 1691 1040 1768 sarcinas
1057 1691 1253 1790 colligere,.

252 1813 404 1912 denique
430 1835 617 1912 antequam
643 1818 792 1914 fignum,
823 1833 882 1891 aut
905 1813 1092 1912 imperium
1121 1814 1237 1889 ullum

253 1936 411 2032 accipere
428 1936 554 2032 quivit,
579 1936 712 2035 equites
729 1935 849 2010 Mauri
866 1956 970 2033 atque
987 1932 1129 2022 Gaetuli,
1161 1959 1236 2006 non

250 2056 338 2144 acie,
380 2082 494 2153 neque
522 2058 596 2136 ullo
623 2083 722 2132 more
756 2057 880 2156 praelii,
910 2056 968 2131 sed
1014 2052 1234 2144 catervatim,

251 2177 303 2256 uti
320 2175 476 2274 quosque
505 2175 575 2250 fors
604 2179 891 2276 conglobaverat,
918 2177 954 2252 in
987 2175 1119 2250 nostros
1149 2200 1235 2260 con·
1321 2245 1322 2250 ,

250 2318 403 2384 currunt,
454 2297 526 2396 Qii
543 2324 664 2372 ornnes
692 2297 819 2398 trepidi
851 2295 1039 2394 improviso
1057 2316 1168 2389 metu,
1194 2323 1236 2372 ac

250 2437 371 2500 tamen
387 2418 523 2490 virtutis
541 2445 725 2510 memores,
756 2439 816 2492 aut
833 2443 928 2492 anna
943 2417 1140 2515 capiebant,
1175 2439 1235 2504 aut

251 2538 418 2636 capientis
435 2539 520 2624 alios
533 2542 577 2621 ab
591 2539 745 2619 hostibus
762 2537 1005 2620 defensabant:
1034 2565 1235 2639 persequor

250 2660 444 2754 escendere,
464 2661 608 2763 obviarn
626 2661 674 2736 ire
691 2659 874 2735 hostibus:
908 2687 1029 2760 pugna
1051 2659 1234 2748 latrocinio

248 2783 375 2881 magis,
395 2810 503 2881 quarn
522 2782 643 2881 praelio
661 2778 776 2856 firnilis
793 2782 891 2856 fieri:
924 2786 993 2864 srne
1015 2783 1133 2882 signis,
1165 2786 1233 2861 fine

249 2903 431 2978 ordinibus
450 2901 595 3003 equites,
615 2904 749 3002 pedites
767 2903 955 3002 permixti;
981 2905 1116 2984 caedere
1131 2905 1231 2996 alios,

248 3021 336 3098 alios
365 3027 588 3115 obtruncare,
619 3027 764 3121 rnultoS,
797 3047 917 3101 contra
945 3024 1108 3108 advorsos
1137 3049 1232 3102 acer,

247 3168 348 3216 rume
366 3145 567 3246 pugnantis,
597 3149 643 3221 ab
672 3167 772 3246 tergo
800 3147 1079 3231 circumvenire:
1116 3171 1232 3244 neque

170 3344 173 3352 f
248 3263 372 3354 virtus,
398 3289 513 3362 neque
529 3291 626 3339 arma
640 3265 719 3340 satis
736 3288 879 3366 tegere3
911 3269 1009 3367 quod
1035 3267 1146 3344 hostes
1162 3293 1230 3341 nu·

247 3411 344 3461 mero
362 3386 527 3484 plures&
545 3386 926 3485 undiquecircurnfirsr.
966 3391 1130 3488 Denique
1152 3393 1230 3464 Ro·

247 3507 343 3584 tnani
373 3527 518 3598 veteres,
554 3508 722 3607 novique,
743 3513 777 3582 bt
795 3512 843 3583 ob
859 3536 900 3584 ea
916 3509 1058 3586 scientes
1077 3511 1175 3602 belli,
1207 3514 1230 3586 sr

247 3655 335 3749 quos
353 3631 465 3727 iocus,
494 3649 554 3719 aut
581 3627 675 3723 casus
693 3628 933 3746 conjunxerat,
962 3634 1065 3722 orbes
1089 3630 1227 3722 facere:
