2668 4698
125 346 297 420 Conana
314 345 485 420 Lucrum
501 345 683 422 summ
701 347 965 424 Cartnrnanr,
1007 377 1075 450 291

97 519 235 595 ciendae
247 520 345 594 testes
362 509 548 595 indubitati
564 519 676 595 videri
694 521 832 620 poliunt
845 522 883 612 ii,
899 523 960 620 qui
971 525 1083 601 saera·

98 639 193 714 rium
210 640 298 714 illud
315 640 515 716 lubidinum
538 643 651 716 colere
667 661 772 739 atque
787 640 969 717 observare
993 670 1077 718 con-

98 759 295 835 sueverunt.
317 766 407 860 Qaae
429 787 548 860 nugae,
568 761 630 835 Dii
648 761 885 836 immortales?
905 789 984 860 quae
997 789 1078 859 por·

98 902 197 956 tenta
228 881 425 956 scelerum?
464 881 531 979 'qui
556 881 745 958 libidinum
774 883 961 982 gurgites?
1000 908 1081 979 quae

99 1002 241 1082 sentina
277 1001 519 1100 flagitiorum?
569 1005 702 1076 Verum
738 1004 767 1080 is
796 1030 917 1077 rumor
949 1001 1079 1100 sparsus

99 1123 150 1198 est
172 1124 218 1196 de
238 1121 398 1196 moribus
422 1121 595 1212 Catilina,
631 1150 742 1222 eaque
767 1124 927 1224 gentium
955 1123 1078 1222 opinio

98 1263 301 1342 pervagata,
328 1262 498 1348 quatenus
522 1243 719 1318 existimem
739 1271 842 1319 voces
875 1245 962 1343 ipsas
985 1248 1076 1344 pub-

97 1365 194 1455 licat,
219 1389 291 1438 non
308 1363 493 1438 hominum
509 1366 589 1454 effe,
615 1363 673 1438 sed
697 1367 827 1440 oraculi
844 1362 960 1465 potius
985 1393 1076 1444 nun»
1145 1405 1152 1418 =

97 1480 286 1582 cupandas.
337 1486 484 1558 Famam
506 1511 590 1560 vero
618 1487 825 1582 popularem
851 1484 1078 1584 amajoribus

97 1605 219 1679 nostris
236 1603 472 1702 saepenumero
489 1604 701 1702 accepimus,
730 1631 845 1702 neque
866 1625 995 1682 temere
1012 1634 1078 1682 un·

98 1752 207 1824 quam
224 1721 431 1801 nascituram
449 1727 531 1816 efl'e,
549 1750 665 1822 neque
682 1746 811 1801 temere
828 1724 1036 1801 occasuram.

142 1847 213 1922 tx.
238 1847 358 1922 Decus
374 1845 462 1923 illud
477 1846 659 1944 egregium
676 1847 832 1944 corporis
848 1873 921 1920 non
937 1849 982 1921 ad
999 1847 1078 1946 dig·
1117 1878 1120 1887 ·

98 1965 245 2042 nitatem
269 1963 436 2056 nominis,
455 1991 495 2040 ac
512 1967 645 2065 gloriae,
665 1967 761 2042 sicuti
779 1993 841 2065 pat
857 1989 927 2042 erat
943 1969 1080 2046 homini

96 2082 307 2160 nobilissima
323 2085 453 2160 familia
469 2107 568 2177 nato,
583 2085 641 2160 sed
658 2087 709 2160 uti
726 2090 812 2162 latro
829 2089 1072 2186 perditillimus

95 2207 145 2280 ad
162 2226 269 2278 omne
286 2231 394 2304 genus
411 2206 534 2305 flagitii
552 2207 801 2288 conserendum
816 2207 923 2288 ‚soille
944 2209 1078 2308 semper

95 2325 278 2401 arbitratus
299 2325 357 2406 est„
407 2327 505 2402 Vires
524 2329 569 2402 ad
585 2329 762 2426 stuporem
779 2330 1075 2427 hominum'prae·

94 2450 211 2540 clam,
240 2466 345 2545 atque
376 2446 560 2538 inusitate,
588 2469 754 2548 perpetua
778 2450 1000 2547 voluptatum
1023 2450 1089 2524 in-·

94 2567 326 2666 temperantia
352 2566 430 2642 sunt
447 2568 673 2642 labefaslatae.
723 2571 806 2642 Flos
833 2569 989 2666 pueritiae
1015 2595 1082 2644 ve«

95 2687 295 2770 nustiffimae
319 2689 365 2764 ad
389 2687 600 2764 intuentium
629 2685 899 2785 jucunditatem,
925 2688 981 2764 cui
1005 2715 1078 2764 non

94 2809 233 2886 libidini
251 2808 363 2908 patuit
380 2807 557 2907 flagitiosa
567 2807 786 2908 juventutis?
811 2829 869 2884 aut
882 2833 988 2906 quam
1001 2827 1075 2882 tur-

10 3013 12 3026 ,
93 2929 279 3030 pitudinis·
297 2952 416 3006 notam
432 2957 506 3010 non
523 2929 738 3004 subeundam
753 2931 872 3036 ultro,
888 2949 995 3026 atque
1007 2955 1075 3014 ac-

93 3051 296 3129 cersendatn
322 3054 389 3129 effe
416 3051 616 3150 cogitavit?
645 3053 731 3125 Lux
748 3051 807 3128 illa
823 3077 906 3124 vero
922 3051 1085 3148 praelati

94 3195 203 3273 atque
236 3171 437 3248 excellentis
464 3170 611 3270 ingenii,
640 3197 748 3270 quam
774 3198 896 3246 omnes
920 3171 1077 3249 divinam
1139 3201 1141 3206 ·

94 3293 232 3391 semper
260 3299 295 3368 tc
329 3293 540 3391 fingularem
558 3375 560 3384 y
576 3312 683 3389 atque
706 3291 901 3398 inusitatam
938 3292 1075 3391 penitus

95 3417 164 3488 esse
181 3395 585 3502 arbitrabantur,'nonne
614 3412 701 3488 inter
724 3411 924 3487 soedissimas
948 3414 1074 3508 volup·
1140 3477 1142 3486 ,

94 3552 212 3608 tatum
237 3532 354 3608 sordes
382 3532 541 3613 restinta
566 3533 642 3607 est?
682 3533 820 3606 Omitto
850 3531 952 3629 pestis
975 3530 1077 3629 hujus

95 3651 344 3752 impuriillmas
360 3680 479 3743 voces,
508 3653 694 3728 mollitiem
711 3651 895 3742 scenicam,
921 3650 1078 3730 obtuitus

97 3771 313 3885 impudicos,
332 3775 517 3854 blanditias
534 3774 736 3871 muliebres,
755 3778 788 3856 ὃς
807 3797 952 3855 ornnem
976 3773 1077 3856 deni<
1162 3880 1165 3896 ι

527 3895 566 3977 U
592 3919 612 3976 a
