2672 4682
484 344 791 420 Cnrrnrun.
1056 373 1121 450 591

106 520 350 614 meminerint,
380 519 421 596 se.
442 540 563 597 contra
596 524 745 597 latrones
762 523 929 612 inermos,
954 549 1018 621 pro
1043 550 1106 624 pa.

110 646 189 736 tria,
207 671 274 744 pro
293 643 433 746 liberis;
465 670 529 742 pro
545 643 611 718 aris
627 663 733 743 atque
761 642 848 718 focis
870 640 939 718 suis
957 670 1106 723 cernere.

106 770 235 844 Homo
273 764 444 856 militaris,
488 766 586 864 quod
624 767 775 863 amplius
808 790 917 840 annos
958 763 1104 862 triginta

109 888 286 978 tribunus,
322 907 382 960 aut
408 884 608 984 praefeelus,
639 905 699 960 aut
725 889 875 987 legatum
921 906 982 958 aut
1016 912 1106 982 prae·

107 1031 160 1084 tor
189 1036 277 1084 cum
315 1033 447 1107 magna
489 1009 600 1108 gloria
634 1007 759 1100 fuerat,
803 1005 983 1107 plerosque
1011 1005 1104 1104 ipsos

109 1131 273 1228 {adaque
298 1153 422 1202 eorum
459 1125 562 1231 fortia
589 1115 767 1216 'noveram
812 1155 853 1206 ea
884 1153 1104 1205 commemo·

109 1253 222 1328 tando
240 1248 393 1325 militurn
409 1249 545 1326 animos
561 1252 786 1326 accendebat.

159 1373 247 1446 LX.
273 1374 349 1444 Suu
366 1371 443 1462 ubi,
476 1374 579 1446 rebus
614 1372 778 1446 omnibus
804 1372 1008 1470 exploratis,
1036 1374 1104 1446 Pe·

109 1493 219 1570 treius
235 1495 322 1567 tuba
338 1496 478 1590 lignum
494 1494 555 1566 dat
570 1522 580 1579 ;
611 1492 765 1566 cohortis
792 1493 976 1590 paullatim
1004 1493 1102 1570 ince-

110 1615 195 1688 dere
211 1611 327 1712 jubet.
380 1615 482 1688 Idem
500 1611 581 1687 facit
597 1613 751 1688 hostium
768 1613 951 1690 exercitus.
1002 1615 1103 1690 Post·
1205 1649 1208 1666 ¹

111 1762 223 1834 quam
241 1743 291 1808 eo'
301 1755 464 1824 ventum,
479 1735 574 1808 unde
591 1761 611 1810 a
628 1733 817 1808 ferentariis
830 1735 988 1832 praelium
1005 1761 1104 1826 com,

110 1854 208 1930 mitti
225 1857 348 1954 pollet,
367 1881 539 1930 maxumo
556 1857 722 1946 clamore,
754 1881 837 1929 cum
849 1851 976 1928 infestis
1000 1855 1105 1954 signis

110 1995 351 2062 concurmnt3
394 1977 465 2074 pila
491 1976 661 2050 omittunt
673 2007 686 2067 ;
723 1977 848 2076 gladiis
877 2003 931 2052 res
959 1975 1105 2075 geritur.

109 2095 301 2186 Veterani,
328 2097 475 2193 pristinae
509 2097 647 2172 virtutis
681 2125 868 2192 memores,
900 2096 1105 2178 comminus

109 2215 242 2294 acriter
255 2214 375 2290 instare
393 2247 403 2304 ;
434 2218 485 2294 illi
501 2220 598 2294 haud
616 2218 732 2296 timidi
749 2221 916 2296 resistunt.
966 2223 1107 2296 Maxm
1181 2279 1183 2284 -

109 2363 173 2414 ma
203 2336 240 2412 vi
267 2357 427 2414 certatur.
477 2341 614 2418 Interea
638 2342 791 2418 Catilina
814 2368 898 2418 cum
930 2341 1105 2446 expeditis

106 2461 144 2536 in
162 2459 280 2558 prima
296 2459 370 2534 acie
387 2459 525 2553 versari,
552 2463 789 2550 laborantibus
812 2463 1023 2555 succurrere,
1050 2463 1105 2538 in-

107 2603 229 2680 tegros
260 2605 325 2678 pro
358 2580 480 2656 sauciis
518 2585 707 2658 arceffere:
744 2585 864 2661 omnia
893 2584 1101 2682 provideret

109 2704 267 2778 multum
284 2701 356 2800 ipse
373 2728 543 2802 pugnare,
562 2704 651 2802 sape
667 2703 805 2778 hostem
821 2702 931 2778 ferire.
966 2704 1107 2780 Strenui
1209 2713 1212 2720 “

111 2821 248 2914 militis,
274 2828 307 2897 ὅτ
344 2823 429 2897 boni
456 2823 672 2922 imperatoris
689 2825 804 2901 officia
821 2823 1104 2922 simulexseque·

111 2947 227 3021 batur.
279 2945 450 3036 Petreius,
480 2946 542 3021 ubi
564 2946 661 3024 videt
684 2945 872 3022 Catilinam
900 2965 1035 3037 contra,
1064 2971 1105 3022 ac
1170 2978 1174 2998 ·

109 3087 207 3142 ratus
224 3086 310 3155 erat,
332 3091 464 3164 magna
486 3065 522 3140 vi
545 3069 716 3155 tendere3
748 3069 930 3142 cohortem
948 3066 1104 3164 praetori-

109 3186 227 3262 amin
244 3185 381 3260 medios
409 3186 513 3262 hostis
537 3187 686 3280 inducit,
714 3215 773 3264 eos
799 3191 1020 3288 perturbatos
1049 3207 1101 3262 at-

114 3334 185 3406 que
201 3307 289 3382 alios
307 3306 390 3382 alibi
405 3308 594 3384 resistentes
612 3309 801 3386 interficit:
832 3309 962 3387 deinde
981 3307 1106 3382 utrim-

114 3454 183 3525 que
210 3453 257 3500 ex
285 3427 450 3502 lateribus
477 3430 694 3529 adgreditur.
744 3430 902 3518 Manlius
929 3433 962 3502 ὅτ
989 3430 1020 3500 F
1021 3425 1104 3502 aesu-

116 3550 215 3623 lanus
232 3549 270 3622 in
289 3548 409 3647 primis
427 3570 632 3649 pugnantes
641 3552 783 3625 cadunt.
833 3549 1027 3646 Postquam
1050 3546 1106 3621 fu·

114 3666 165 3744 sas
182 3653 318 3766 copias,
341 3668 445 3768 seque
477 3696 560 3744 cum
585 3664 706 3768 pauc'is
730 3670 891 3746 relietum
913 3667 1010 3741 videt
1035 3670 1104 3743 Ca-

6 3851 7 3854 ,
112 3789 223 3891 tilina,
251 3813 391 3870 memor
428 3791 562 3895 generis
593 3811 700 3892 atque
735 3790 885 3894 pristinae
910 3787 1103 3889 dignitatis,
