2664 4692
254 347 889 465 anouanr-A.er.Vl.
1039 403 1107 479 227
1210 403 1212 408 ·

180 566 318 662 Magna
346 561 456 660 gloria
477 561 635 634 tribunus
653 559 807 633 militurn
824 559 859 632 in
877 558 1047 657 Hispania
1063 569 1111 640 T.
1163 597 1167 604 ¹

132 685 244 759 Didio
261 686 468 781 imperante,
488 708 621 781 magno
638 679 700 754 usu
719 682 811 754 bello
829 682 994 772 Marsico,
1006 714 1110 783 para.

132 826 174 879 tu
192 805 360 894 militum,
381 811 413 877 ὅτ
433 829 608 877 armorum
624 800 700 875 fuit.
724 803 914 897 Multaque
930 821 1006 877 tum
1023 807 1110 878 due-

88 917 90 924 ’
134 947 172 1000 tu
200 926 270 1024 ejus
300 947 430 1015 curata,
461 925 574 1022 primo
600 950 660 1021 per
685 923 956 1022 ignobilitatem,
985 925 1113 998 deinde
1184 955 1205 1003 ,⁸

133 1072 197 1144 per
214 1045 383 1120 invidiam
400 1045 604 1143 scriptorum
619 1048 788 1119 celebrata
803 1044 891 1120 sunt.
905 1049 1113 1124 Comminus

136 1165 261 1247 faciem
279 1165 375 1240 suam
393 1167 598 1256 ostentabat,
629 1167 760 1264 aliquot
778 1165 930 1239 advorfis
948 1154 1113 1241 cicatrici·

136 1291 215 1380 bus,
241 1291 274 1359 tc
293 1288 413 1360 effoffo
444 1289 558 1360 oculo
609 1293 692 1386 an
719 1289 776 1360 ille
804 1287 1114 1361 dehonestamento

139 1408 294 1507 corporis
322 1435 489 1481 maxume
515 1410 721 1482 laetabatur:
752 1434 867 1506 neque
894 1409 960 1480 illis
978 1407 1114 1494 anxiuS,
1172 1445 1174 1449 v

87 1592 89 1598 .
139 1530 220 1628 quia
236 1529 369 1626 reliqua
386 1527 552 1628 gloriosus
563 1530 740 1602 retinebat.
753 1529 873 1601 Gellius
887 1559 932 1602 rr.
947 1557 977 1602 c.
993 1553 1117 1602 xxvrr.

187 1652 332 1724 Curetes
351 1650 433 1748 quia
453 1649 627 1748 principes
647 1651 862 1748 intelligendi
891 1651 1011 1723 divina
1043 1649 1118 1722 fue-

139 1792 230 1862 runt,
262 1771 469 1846 vetustatem
487 1771 538 1844 uti
557 1793 669 1844 cetera
696 1772 732 1844 in
763 1769 872 1868 majus
900 1793 1118 1868 componen-

138 1911 209 1964 tem
225 1894 351 1966 altores
369 1893 469 1988 Jovis
488 1892 718 1965 celebraviffe.
749 1894 947 1964 laetantur.

190 2013 324 2086 Italiam
354 2013 577 2113 conjunttam
594 2013 718 2088 Siciliae
748 2012 882 2087 constat
909 2013 1032 2086 fuisse:
1062 2013 1121 2087 sed

144 2134 300 2208 medium
318 2133 465 2233 spatium
482 2156 542 2208 aut
560 2161 622 2232 per
638 2136 872 2208 humilitatem
889 2137 1053 2208 obrutum
1072 2135 1121 2208 est

145 2255 254 2352 aquis,
275 2277 334 2330 aut
352 2278 491 2355 propter
508 2257 699 2356 angustiam
716 2254 865 2330 sciffunr.
913 2257 1000 2330 Inde
1023 2258 1120 2331 Rhe-

147 2375 243 2474 gium
260 2377 490 2452 nominatum.
538 2379 681 2470 Jsturus.

192 2499 384 2596 Pompeius
400 2499 548 2572 devietis
565 2497 731 2597 Hispanis
751 2518 880 2597 tropaea
896 2501 932 2572 in
950 2498 1124 2597 Pyrenaeis

139 2617 232 2718 jugis
256 2619 444 2694 constituit.
495 2622 637 2693 Servius.

194 2745 317 2838 Atque
336 2741 428 2813 edita
446 2739 600 2839 undique
618 2740 726 2813 tribus
742 2761 859 2813 tamen
890 2765 973 2812 cum
1002 2740 1123 2831 muriS,

134 2865 180 2934 1&
195 2861 333 2960 magnis
345 2862 504 2956 turribus.
557 2862 712 2934 Donatus.

195 2983 243 3056 Et
261 2983 298 3054 in
317 2981 443 3079 praeliis
461 2986 539 3055 astu
559 3003 724 3079 promtus.
774 2983 871 3054 Idem.

194 3102 359 3175 Paelione
376 3103 497 3176 amiffo
516 3103 663 3175 Publico
680 3105 807 3200 legato.
858 3104 956 3177 Idem.

196 3221 314 3320 Ipsum
342 3225 447 3295 Mare
473 3223 662 3296 Ponticum
695 3225 831 3299 dulcius
862 3252 970 3323 quarn
1006 3247 1129 3301 cetera.

70 3375 76 3382 ·
152 3344 294 3434 Servius,
314 3344 508 3429 Macrobius,
527 3344 590 3414 Pri
602 3350 718 3418 cianus.

200 3463 309 3561 Equis
330 3463 424 3560 paria
441 3463 658 3560 operimenta
676 3485 790 3538 erant:
812 3494 890 3564 quae
907 3467 998 3540 linea
1017 3465 1132 3543 ferreis

153 3582 286 3656 laminis
304 3583 340 3656 in
357 3585 506 3658 modum
526 3585 655 3680 plutnae
674 3588 923 3658 adnexuerant.
951 3591 1096 3661 Servius.

201 3705 324 3776 Rebus
340 3702 442 3800 supra
458 3724 584 3776 votum
602 3707 799 3778 fluentibus.
851 3707 948 3777 Idem.

202 3818 352 3914 AEnum,
369 3825 638 3911 &Maroneam
658 3829 691 3896 &
712 3825 806 3899 viam
817 3824 1019 3902 Militarem.
1038 3827 1133 3902 Idem.

618 3946 704 4041 (ξι
