2662 4686
214 278 267 404 188
440 311 1037 398 0.Οιιιὲιι5ιιιιιςτιι

220 525 302 578 mm
319 499 562 574 audoritatem
590 501 719 572 Romae
745 497 877 594 pollere
904 495 1100 588 audiverat,¹
1120 523 1205 572 con·
1317 496 1318 516 ¹

220 643 275 698 tra
309 623 489 720 inceptum
524 619 624 693 suum
658 617 815 692 venisse:
846 615 962 715 primo
988 639 1219 712 commotus‚.

221 765 442 842 metuatque
464 741 621 816 lubidine
647 739 803 814 divorsus
832 740 1040 838 agitabatur.
1080 741 1205 814 Time-

222 869 283 941 bat
295 867 382 940 iram
395 865 523 955 Senati,
555 863 613 963 [ni
631 863 793 960 paruisset
810 861 932 962 legatis
948 863 980 961 :]
1011 887 1116 960 porro
1133 862 1208 936 ani-

221 1013 300 1064 mus
327 985 491 1084 cupidine
515 1012 627 1060 cacus
656 985 701 1057 ad
719 985 898 1082 inceptum
916 981 1024 1056 scelus
1038 983 1207 1080 rapiebat.

221 1109 317 1183 Vicit
344 1127 461 1182 tamen
487 1107 524 1180 in
552 1105 657 1179 avido
685 1105 828 1204 ingenio
847 1129 995 1202 pravum
1012 1105 1207 1178 confilium.

222 1229 348 1330 Igitur,
378 1229 532 1302 exercitu
562 1227 793 1316 circumdato,
827 1225 962 1299 summa
1002 1225 1039 1300 vi
1072 1226 1209 1302 Cirtam

221 1351 414 1448 irrumpere
440 1349 572 1441 nititur,
595 1375 762 1424 maxume
778 1348 928 1446 sperans,
955 1347 1100 1422 diducta
1131 1375 1208 1425 ma·
1319 1423 1320 1428 ,

222 1497 271 1544 nu
287 1470 451 1561 hostium,
473 1491 531 1544 aut
551 1470 600 1561 vi,
630 1491 691 1544 aut
714 1471 803 1544 dolis
828 1469 895 1544 sese
916 1467 1033 1542 casum
1050 1470 1209 1544 victoria

221 1591 463 1668 inventurum.
513 1595 622 1691 Qrod
654 1593 716 1666 ubi
748 1592 843 1668 secus
874 1591 1045 1690 procedit,
1076 1617 1206 1690 neque,
1240 1608 1245 1616 “

224 1714 323 1811 quod
348 1714 555 1803 intenderat,
580 1716 713 1788 efficere
730 1714 853 1811 potest,
884 1715 938 1812 uti
961 1714 1068 1811 priua,
1099 1739 1210 1812 quam

222 1837 357 1934 legatos
375 1835 590 1924 conveniret,
615 1835 828 1909 Adherbalis
846 1835 1036 1932 potiretur3
1065 1859 1111 1906 ne
1132 1861 1209 1908 am-

221 1956 313 2054 plius
331 1958 502 2031 morando
519 1958 700 2047 Scaurum,
720 1983 828 2055 quem
852 1956 1044 2054 plurimum
1072 1935 1210 2029 metue-
1320 1959 1321 1962 ’

222 2083 296 2167 bat,
318 2078 533 2172 incenderet,
564 2105 647 2150 cum
664 2083 782 2176 paucis
801 2077 976 2175 equitibus
1000 2073 1038 2148 in
1063 2076 1209 2176 provin-

221 2199 314 2272 ciam
341 2199 446 2272 venit.
498 2203 554 2271 Ac
588 2217 706 2270 tamen
738 2201 796 2270 etsi
819 2197 935 2270 Senati
963 2196 1079 2270 verbis
1102 2197 1210 2272 minae
1251 2295 1254 2302 Δ

221 2344 346 2418 graves
384 2318 653 2407 nunciabantur,
690 2319 788 2415 quod
837 2316 1102 2414 oppugnatione
1135 2346 1210 2422 non

221 2440 414 2525 defisteret;
439 2441 551 2512 multa
577 2459 693 2517 tamen
716 2439 873 2524 oratione
897 2437 1091 2529 consumta,
1112 2440 1209 2540 lega-

220 2561 249 2634 ti
274 2559 400 2634 frustra
424 2560 614 2636 disceffere.

271 2685 408 2758 XXVI.
437 2685 497 2755 EA
526 2683 716 2780 postquam
742 2681 847 2756 Cirtae
874 2681 992 2754 audita
1017 2681 1109 2774 sunt,
1139 2685 1208 2760 Ita·

222 2803 294 2896 lici,
323 2831 475 2901 quorum
492 2803 622 2878 virtute
647 2803 781 2878 moenia
813 2798 1093 2895 defensabantur,
1124 2829 1208 2888 con-

222 2927 287 3014 sifi,
318 2925 496 3000 deditione
519 2923 624 3017 facta,
660 2945 802 3023 propter
831 2923 1114 3023 magnitudinem
1143 2950 1208 3022 po-

224 3044 298 3142 puli
322 3045 478 3118 Romani
506 3045 692 3120 inviolatos
708 3045 775 3124 sese
793 3044 880 3138 fore,
908 3046 1105 3124 Adherbali
1133 3045 1207 3120 sua·

222 3169 322 3256 dent,
350 3167 401 3240 uti
418 3165 534 3264 seque,
570 3171 604 3242 δι
639 3168 812 3266 oppidum
841 3170 1028 3266 Jugurthae
1062 3169 1206 3246 tradat:

223 3289 361 3362 tantum
379 3290 483 3360 abeo
501 3287 610 3360 vitam
627 3286 828 3398 paciscatur,
857 3287 902 3368 de
930 3288 1050 3362 ceteris
1068 3288 1210 3362 Senatui

224 3437 316 3496 curae
345 3406 429 3482 fore.
481 3413 533 3480 At
561 3409 633 3500 ille,
665 3414 798 3482 tametsl
827 3409 946 3482 omnia
975 3401 1110 3506 potiora
1137 3410 1211 3485 fide

225 3532 412 3630 Jugurthae
431 3531 597 3616 rebatur3
624 3530 707 3628 quia
724 3555 830 3628 penes
847 3527 1002 3620 eosdem,
1033 3534 1057 3603 fi
1081 3529 1211 3604 advor-

224 3651 366 3743 fatetur,
402 3650 553 3750 cogendi
572 3651 720 3748 potestas
738 3671 823 3743 erat,
852 3649 913 3741 ita,
943 3648 995 3724 uti
1011 3649 1212 3723 censuerant

225 3771 349 3865 Italici,
376 3753 593 3848 deditionem
609 3770 701 3848 facit.
745 3773 919 3876 Jugurtha
935 3770 971 3852 in
990 3768 1112 3871 primis
1131 3772 1209 3860 Ad-
