2662 4686
230 307 297 356 m
465 281 723 355 C.Crt1sr³1
763 281 1061 370 Snttosrrt

209 453 309 528 -inde
325 479 492 548 maxuma
508 454 544 528 vi
560 453 690 552 depelli
708 453 900 551 quiverunt
916 485 924 524 ι
961 452 1020 526 sed
1036 453 1105 526 tela
1122 453 1213 528 emta
1320 499 1321 536 ᾗ

225 603 291 650 nus
308 575 406 649 missa
431 575 617 664 remittere,
638 575 740 672 pauci
764 573 801 648 in
820 573 975 672 pluribus
992 573 1106 651 minus
1123 572 1212 649 frus*
1320 659 1321 664 ,

225 695 331 770 trati:
359 700 407 770 fin
435 693 604 770 Numidae
639 694 780 794 propius
808 697 1031 786 accessissent,
1056 694 1106 768 ibi
1124 722 1212 782 vem

123 907 131 930 x
225 817 391 891 virtutem
421 817 600 890 ostendere
633 821 666 892 δε
700 842 760 890 eos
788 842 958 890 maxuma
990 817 1028 889 vi
1061 819 1212 910 caedere,

225 935 371 1012 fundere
387 959 491 1036 atque
507 935 639 1036 fugare.
664 937 812 1012 Interim
829 938 998 1010 Metellus
1014 963 1098 1012 curn
1114 965 1211 1014 acer-
1259 926 1263 932 ⁴

226 1084 326 1132 rume
354 1083 428 1130 rem
460 1079 608 1156 gereret,
632 1059 822 1132 clamorem
844 1058 1006 1153 hostilem
1032 1061 1079 1132 ab
1107 1079 1212 1158 tergo

225 1160 383 1275 accepit:
413 1179 510 1270 dein,
529 1177 698 1252 converso
716 1205 822 1278 equo,
854 1179 1119 1271 animadvortit,
1153 1179 1211 1254 su-

227 1325 310 1396 gam
338 1297 440 1372 adse
470 1299 610 1374 vorsum
636 1299 736 1374 fieri:
766 1327 844 1397 quae
869 1325 924 1372 res
945 1299 1124 1376 indicabat
1140 1328 1206 1398 po·

225 1419 352 1516 polaris
369 1422 447 1494 elle.
498 1425 608 1520 Igitur
625 1421 820 1519 equitatum
850 1447 995 1494 omnem
1028 1422 1074 1494 ad
1100 1422 1212 1498 castra

226 1563 375 1637 propere
393 1541 514 1632 mittit,
534 1569 574 1616 ac
602 1541 716 1616 statim
749 1543 792 1614 C.
809 1540 968 1616 Marium
984 1568 1069 1616 cum
1085 1544 1210 1617 cohor-

225 1659 319 1736 tibus
335 1661 530 1748 sociorum3
567 1688 719 1760 eumque
736 1664 933 1735 lacrumans
959 1670 1067 1760 “per
1089 1665 1210 1741 amici-

227 1781 358 1856 “tiam
392 1809 523 1879 perque
555 1782 810 1879 rempublicam
837 1783 1003 1874 obsecrat,
1032 1812 1210 1885 nequam

226 1909 254 1944 “
272 1903 522 1976 contumeliam
539 1929 718 1977 remanere
734 1903 771 1979 in
786 1903 944 1980 exercitu
957 1905 1100 1996 vidore,
1118 1933 1214 1982 neve
1320 1957 1321 1994 r

226 2029 253 2066 “
272 2022 378 2095 hostis
396 2023 525 2095 inultos
551 2024 647 2098 abire
668 2027 751 2096 finat
765 2026 802 2096 :''
833 2044 835 2050 ’
851 2024 911 2120 ille
928 2025 1026 2100 brevi
1043 2027 1213 2104 mandata

224 2142 340 2218 efficit.
392 2147 442 2215 At
472 2145 650 2241 Jugurtha
679 2143 901 2216 munimento
928 2146 1117 2222 castrorum
1140 2147 1209 2224 im·

141 2261 143 2265 ’
224 2261 374 2360 peditus,
402 2288 484 2336 cum
512 2261 570 2334 alii
598 2260 697 2358 super
724 2264 859 2338 vallum
887 2264 1208 2362 praecipitarentur,
1320 2271 1321 2340 l

222 2381 281 2456 alii
313 2382 349 2456 in
371 2381 538 2480 angustiis
567 2381 630 2479 ipfi
661 2381 723 2456 srbi
750 2403 977 2481 properantes
999 2388 1208 2480 obficerent,
1320 2475 1321 2496 ,

223 2502 343 2577 multis
371 2503 509 2599 amiffis,
536 2502 573 2576 in
600 2505 678 2580 loca
696 2503 830 2578 munita
846 2503 913 2578 sese
930 2505 1074 2603 recepit.
1124 2511 1208 2582 Me-

223 2625 338 2715 tellus,
373 2622 503 2704 infesto
528 2625 685 2724 negotio,
718 2625 903 2725 postquam
920 2649 993 2702 nox
1010 2629 1144 2722 aderat,
1169 2631 1207 2708 in

223 2747 332 2820 castra
355 2773 437 2822 cum
463 2748 617 2822 exercitu
642 2749 840 2824 revortitur.

271 2869 373 2942 LIX.
408 2870 550 2942 loiron
569 2870 703 2967 postero
720 2870 793 2961 die,
813 2871 922 2968 prius,
952 2899 1062 2970 quam
1079 2874 1124 2945 ad
1142 2873 1207 2945 ob·

222 2987 456 3084 pugnandum
473 2992 709 3086 egrederetur,
729 2992 924 3090 equitatum
941 3018 1088 3066 omnem
1111 2991 1149 3064 in
1168 3019 1209 3066 ea
1320 3037 1321 3056 2

223 3123 336 3201 parte,
367 3133 436 3202 qua
459 3109 549 3206 regis
568 3110 738 3186 adventus
757 3132 841 3202 erat,
862 3113 1061 3210 pro-eastris
1078 3112 1210 3211 agitare
1320 3163 1321 3204 ;

217 3223 345 3322 jubet:
377 3245 494 3322 portas
512 3233 545 3300 δι
565 3244 738 3324 ploxuma
755 3235 833 3309 loca
849 3234 998 3332 tribunis
1025 3231 1203 3329 dispertit:
1319 3223 1321 3280 l

223 3344 351 3417 deinde
373 3343 444 3442 ipse
463 3349 577 3447 pergit
595 3351 638 3422 ad
656 3351 844 3448 oppidum,
878 3375 997 3452 atque,
1021 3335 1060 3426 ut
1077 3353 1208 3449 superi«
1320 3403 1321 3408 =

221 3491 282 3566 ore
314 3466 385 3556 die,
405 3491 556 3570 ¹murum
584 3471 795 3567 adgreditur.
852 3475 997 3548 Interim
1027 3477 1206 3572 Jugo'rtha

221 3611 267 3658 ex
283 3589 423 3661 occulto
440 3609 581 3685 repente
593 3591 725 3664 nostros
742 3592 888 3668 invadit.
938 3595 1012 3694 Qi
1037 3597 1073 3674 in
1087 3597 1209 3693 proxi<
1320 3631 1321 3644 2

220 3731 281 3780 mo
298 3708 400 3784 locati
415 3708 562 3818 fuerant,
583 3709 767 3810 paullisper
794 3714 900 3790 territi
931 3719 1202 3813 perturbantur:
