2664 4692
259 319 643 395 Fuscianum.
693 319 903 418 L‘1r.1ll.
1054 350 1123 428 215

134 471 299 590 Bithynia
325 493 468 591 expuli;
493 498 687 593 Afiamque
709 493 859 592 spolium
880 493 970 594 regis
997 499 1123 573 Antio·

136 613 191 688 chi
210 613 342 712 recepi,
371 619 405 690 a
433 615 580 690 Graeciae
601 617 709 690 tlemfi
728 641 835 716 grave
852 615 1038 692 servitium.
1063 621 1122 694 In'-

134 754 237 841 cepta
265 759 344 810 mea
372 721 567 834 postremus
583 733 771 812 ¹servorum
789 739 997 830 Archelaus,
1025 765 1121 816 exer·

134 855 205 930 citu
225 857 378 964 proditu,
395 842 605 955 impedivit:
637 859 773 958 illique,
798 887 887 958 quos
903 859 1046 958 ignavia
1061 881 1121 936 aut

132 1001 243 1075 prava
255 977 437 1069 calliditas,
464 977 516 1052 uti
534 979 620 1054 meis
638 979 814 1054 laboribus
831 981 897 1054 tuti
915 985 1036 1072 client,
1065 1007 1120 1056 ar·

131 1098 198 1172 mis
212 1099 389 1190 abstinuit,
413 1099 656 1176 acerbiffumas
674 1127 797 1198 poenas
811 1101 975 1178 solvunt:
1003 1106 1120 1177 Ptole·

130 1245 243 1294 maeus
272 1219 390 1317 precio
415 1219 529 1320 [dies]
558 1223 691 1296 bellum
718 1225 920 1320 prolatans;
945 1223 1121 1300 Cretenses

128 1339 332 1440 impugnati
347 1340 453 1416 semel
476 1339 568 1440 jam,
600 1369 716 1442 neque
735 1345 855 1432 finem,
870 1344 943 1442 ,1¹1st
962 1347 1117 1437 excidi0,

11 1541 12 1546 ,
130 1461 297 1536 habituri.
346 1462 527 1561 Equidem
544 1489 627 1538 cum
645 1463 731 1536 mihi
750 1466 797 1536 ob
814 1464 968 1560 ipsorum
986 1465 1119 1550 interna

129 1585 224 1660 mala
240 1581 347 1659 dilata
363 1583 483 1682 praelia
501 1585 627 1684 magis,
653 1611 761 1682 quarn
778 1611 901 1682 pacem
918 1589 1037 1664 datam
1065 1589 1118 1660 in·

128 1705 354 1804 telligeretn3
381 1707 556 1780 abnuente
574 1705 742 1804 Tigrane,
758 1707 819 1805 qui
837 1733 916 1788 mea
933 1709 1027 1782 dicta
1044 1709 1119 1783 sero

129 1817 273 1924 probat,
293 1846 328 1899 te
345 1833 483 1900 remoto
501 1829 640 1924 procul,
665 1828 831 1931 omnibus
847 1827 921 1901 aliis
938 1829 1116 1919 obnoxiis,

128 1945 247 2022 narsus
274 1967 392 2022 tamen
417 1949 551 2020 bellum
582 1947 685 2045 cepi:
712 1949 950 2046 Marcumque
974 1949 1118 2044 Cottam

130 2073 341 2144 Romanum
357 2068 488 2144 ducem
517 2071 612 2165 apud
641 2070 868 2173 Chalcedona
899 2090 991 2144 terra
1015 2068 1114 2146 fudi:
1198 2163 1200 2167 ι

127 2187 220 2264 mari
248 2188 343 2266 exsui
370 2191 472 2264 claffe
500 2189 761 2287 pulcherruma.
812 2191 923 2290 Apud
940 2187 1117 2288 Cyzicum

128 2331 265 2409 magno
283 2335 367 2386 cum
385 2310 539 2384 exercitu
566 2311 604 2386 in
634 2311 769 2384 obsidio
787 2313 941 2385 moranti
959 2311 1115 2386 frumen-

11 2425 13 2436 ’
128 2451 207 2509 tum
224 2431 352 2522 defuit,
380 2433 479 2506 nullo
497 2431 629 2508 circum
645 2432 846 2506 adnitente:
862 2429 979 2508 'simul
1003 2433 1116 2508 hiems

127 2553 219 2630 mari
250 2553 470 2654 prohibebat.
529 2556 595 2645 lta,
631 2557 700 2626 fine
729 2551 765 2625 vi
797 2553 950 2628 hostium
980 2554 1115 2652 regredi

128 2677 272 2752 coactus
294 2675 331 2750 in
348 2674 502 2772 patrium
519 2697 683 2772 regnum,
703 2671 893 2774 naufragiis
910 2673 1005 2770 apud
1020 2672 1134 2747 Pari.-
1169 2689 1176 2696 “

128 2821 206 2887 um,
235 2801 269 2870 &
288 2797 515 2886 Heracleam,
537 2795 690 2868 militum
708 2813 874 2892 optumos
898 2819 983 2870 cum
1007 2795 1114 2866 claffi·

127 2921 193 2992 bus
211 2917 319 2992 amifi.
370 2911 546 2992 Restituto
571 2915 700 2990 deinde
729 2916 824 3012 apud
858 2913 988 2995 Cabira
1014 2940 1114 2988 exer·
1158 3002 1185 3021 ‚a

128 3039 215 3130 citu,
249 3045 283 3114 bt
310 3037 413 3114 variis
441 3039 532 3111 inter
555 3063 613 3110 me
639 3058 746 3135 atque
763 3037 957 3110 Lucullum
976 3035 1115 3134 praeliis,
1147 3109 1151 3116 ,
1196 3023 1198 3028 ’

127 3160 248 3258 inopia
265 3158 379 3234 rursus
397 3161 521 3233 ambos
540 3158 682 3234 inceffit.
733 3157 789 3230 llli
807 3157 943 3248 suberat
962 3177 1119 3264 regnum·
1194 3187 1199 3197 ·

129 3281 381 3354 Ariobarzanis
413 3281 506 3354 bello
530 3280 727 3354 intactum:
752 3305 821 3378 ego
847 3280 949 3354 vastis
980 3278 1120 3352 circum·
1172 3357 1181 3376 κ

130 3402 296 3476 omnibus
325 3399 424 3490 locis,
450 3401 487 3476 in
515 3401 722 3479 Armeniam
739 3404 912 3478 concessi:
937 3398 1115 3496 secutique
1197 3415 1202 3424 ‘

129 3521 288 3597 Romani
315 3547 475 3632 nonme,
502 3521 561 3596 sed
578 3549 715 3596 morem
740 3521 840 3596 suum
867 3520 986 3594 omnia
1008 3545 1116 3618 regna

114 3643 371 3734 ,subvertundi
390 3643 475 3742 quia
488 3644 766 3732 multitudinem,
782 3643 862 3716 artis
876 3641 972 3730 locis,
995 3667 1117 3740 pugna

129 3765 352 3869 prohibuere,
383 3765 659 3864 imprudentiam
685 3763 852 3864 Tigranis
868 3789 947 3863 pro
970 3763 1116 3841 violoria

592 3887 670 3980 P-4
