2672 4682
233 273 281 398 ut
432 301 476 374 C.
508 299 1040 376 Cntsrrsnnrosrrr

279 477 344 550 LI.
372 482 400 518 “
418 479 553 551 Omurs
580 474 752 567 homines,
778 471 1125 579 Patres0Consctipti,
1152 471 1221 576 qui

175 674 177 683 ,
231 603 260 640 “
280 598 325 670 de
350 600 452 672 rebus
470 597 584 672 dubiis
601 594 809 686 consultant,
839 593 894 670 ab
912 596 1012 687 odi0‚
1036 597 1217 687 amicitia3
1324 611 1325 624 ¹

231 717 327 794 “ira
344 739 450 817 atque
467 717 701 791 misericordia
717 743 848 792 vacuos
865 721 933 792 else
950 719 1061 792 decet.
1099 721 1219 794 Haud

230 847 260 882 “
278 837 380 914 facile
405 837 541 912 animus
564 863 687 912 verum
716 839 891 938 providet,
920 840 982 914 ubi
1004 839 1064 913 illa
1087 840 1216 914 obfici-

231 967 259 1004 “
277 981 353 1036 unt.
402 961 529 1057 Neque
550 959 733 1058 quisquam
758 960 920 1034 omnium
937 959 1088 1047 lubidini
1110 963 1215 1035 fimul

231 1087 259 1124 “
279 1087 313 1156 δι
345 1078 419 1154 usui
449 1081 573 1182 paruit.
623 1081 700 1154 Ubi
727 1080 912 1154 intenderis
928 1080 1125 1180 ingenium,
1149 1107 1214 1156 va·
1281 1151 1283 1158 ,

231 1209 260 1245 “
277 1204 348 1274 let:
379 1204 401 1274 fi
431 1201 554 1275 lubido
583 1203 744 1300 poffidet,
772 1228 812 1276 ea
836 1202 1049 1293 dominatur,
1072 1203 1214 1281 animus

231 1330 258 1366 “
276 1320 364 1395 nihil
394 1323 497 1396 valet.
559 1326 697 1421 Magna
729 1323 815 1396 mihi
845 1323 946 1421 copia
971 1325 1212 1416 memorandi,

231 1451 259 1487 “
279 1445 319 1516 Ρ.
344 1444 387 1516 C.
412 1443 473 1541 qui
492 1469 590 1543 reges
619 1465 724 1542 atque
747 1444 883 1543 populi,
909 1445 973 1535 ira,
1005 1465 1064 1518 aut
1083 1445 1213 1532 miseri-

229 1555 258 1609 ‘'‘
277 1565 398 1638 cordia
415 1565 566 1664 impulsi,
591 1567 682 1639 male
700 1564 953 1640 consuluerint:
977 1563 1036 1640 sed
1053 1593 1093 1640 ea
1117 1571 1215 1641 malo

230 1693 259 1729 “
276 1686 405 1778 dicere,
441 1714 531 1786 quae,
550 1685 695 1785 majores
722 1686 840 1778 nostri,
866 1707 984 1762 contra
1013 1687 1211 1763 lubidinem

230 1814 258 1850 “
278 1806 398 1898 animi,
439 1810 529 1880 reete
555 1828 660 1906 atque
688 1809 810 1882 ordine
838 1807 961 1882 secere.
1011 1811 1107 1882 Bello
1124 1813 1212 1884 Ma-

230 1936 259 1972 “
279 1927 461 2018 cedonico,
486 1931 583 2025 quod
596 1955 678 2002 cum
695 1955 775 2030 rege
791 1927 892 2004 Perse
909 1933 1083 2028 gessimus,
1105 1933 1212 2004 Rho-

230 2047 416 2122 “diorum
442 2048 576 2138 civitas,
607 2077 738 2148 magna
764 2071 869 2149 atque
893 2050 1097 2149 magnifica,
1129 2077 1212 2150 quae

229 2177 257 2224 ‘·‘
277 2149 399 2268 populi
425 2168 582 2242 Romani
610 2169 735 2267 opibus
764 2189 930 2260 creverat,
959 2171 1071 2244 infida
1104 2193 1212 2270 atque

227 2298 256 2353 ‘‹‘
274 2284 418 2363 advorsa
442 2289 543 2363 nobis
568 2287 656 2362 fuit:
684 2288 741 2362 sed
766 2291 966 2390 postquam,
999 2290 1094 2364 bello
1123 2320 1210 2370 con-

229 2420 259 2457 “
277 2411 382 2501 fecto,
401 2412 446 2483 de
459 2409 611 2484 Rhodiis
624 2408 822 2486 consultum
840 2413 901 2502 est,
924 2407 1069 2509 majores
1085 2413 1210 2507 nostri,

199 2605 207 2633 Ι
230 2540 258 2578 “
276 2559 322 2606 ne
345 2531 423 2630 quis
447 2531 647 2605 divitiarum
665 2531 791 2632 magis,
812 2560 919 2632 quam
944 2529 1076 2630 injuriae
1094 2537 1212 2609 caussa

230 2662 259 2699 “
277 2655 411 2728 bellum
438 2653 617 2750 inceptum
639 2653 784 2745 diceret,
807 2652 1000 2751 impunitos
1037 2653 1208 2728 dimisere.

230 2777 365 2848 “Item
401 2773 500 2848 bellis
526 2773 666 2848 Punicis
694 2774 872 2866 omnibus,
898 2799 982 2848 cum
1004 2772 1093 2872 saepe
1124 2776 1210 2848 Car-

230 2901 260 2938 “
278 2893 507 2994 rhaginienses
530 2898 563 2966 ὅτ
587 2895 623 2968 in
646 2881 748 2992 bace,
777 2899 811 2969 ὅτ
839 2919 900 2992 per
917 2894 1074 2970 inducias
1096 2899 1209 2969 tnulta

229 3022 258 3058 “
276 3013 585 3091 nefaria.facinora
616 3015 783 3107 fecissent,
825 3041 1020 3115 numquam
1052 3015 1114 3114 ips1
1149 3042 1211 3114 per

230 3142 258 3179 “
276 3139 491 3210 occafionem
519 3135 600 3208 talia
629 3135 756 3209 secere:
789 3135 916 3235 magis,
949 3135 1036 3235 quid
1067 3135 1100 3212 se
1127 3138 1207 3236 dig-

224 3264 258 3336 .“
277 3282 364 3331 num
381 3256 483 3347 soret,
499 3282 606 3355 quam
629 3257 714 3354 quid
736 3257 772 3329 in
796 3256 862 3329 illis
878 3257 959 3357 jure
988 3259 1061 3333 fieri
1083 3261 1206 3356 posset,

230 3385 258 3422 “
277 3380 488 3478 quaerebant.
531 3379 618 3451 Hoc
647 3376 743 3448 idem
768 3377 1026 3474 providendum
1050 3379 1114 3468 est,
1141 3381 1207 3452 Pa·

229 3507 342 3573 “tres
371 3497 568 3594 conscripti,
612 3523 656 3570 ne
699 3498 776 3594 plus
807 3500 922 3572 valeat
955 3499 1050 3597 apud
1073 3523 1137 3572 vos
1164 3501 1206 3572 P.

229 3627 258 3663 ‘⁶
274 3600 472 3692 Lentuli&
488 3637 683 3692 ceterorum
714 3617 835 3711 scelus,
862 3646 969 3717 quom
994 3618 1103 3692 vestra
1127 3619 1208 3717 dig-

229 3747 257 3783 “
277 3740 364 3815 nitas
376 3769 387 3829 ς
426 3765 495 3815 neu
524 3739 637 3840 magis
661 3739 735 3834 irae,
760 3741 990 3840 quamsornae
1012 3739 1206 3816 consulatis.
