2662 4686
246 343 314 418 130
364 366 367 402 .
406 305 1023 390 'C.Cr1sr18rtrosr11

245 491 318 592 gati
343 489 434 590 regis
461 487 652 588 suppliciis,
677 507 792 586 neque
819 503 922 565 anter
949 488 1128 563 voluntate
1144 485 1225 566 alie-

178 707 182 727 .
243 612 330 701 nati,
361 601 536 718 principes
552 607 699 684 civitatis
716 609 806 684 inter
834 605 868 685 se
900 605 1107 706 conjurant:
1142 635 1226 686 narn

244 733 384 831 volgus,
400 731 451 806 uti
468 731 675 828 plerumque
692 727 789 820 solet,
808 733 843 804 dc
860 749 1030 806 maxume
1047 727 1224 809 Numida·

124 872 127 880 ·
180 853 182 865 ’
243 879 336 942 rum,
355 850 495 951 ingenio
513 849 653 940 mobili,
678 848 876 929 seditiosum
902 871 1007 950 atque
1034 849 1226 928 discordio-

244 975 321 1050 sum
338 993 422 1062 erat,
440 971 612 1069 cupidum
627 997 807 1048 novamm·
817 997 949 1064 rerum,
979 971 1087 1072 quieti
1104 975 1227 1050 &otio

244 1093 455 1170 advorsum:
484 1093 580 1185 dein,
601 1094 800 1192 c'omposrtis
817 1093 907 1170 inter
934 1091 968 1168 se
995 1096 1113 1185 rebus,
1132 1096 1226 1172 diem

244 1216 389 1296 tertium
407 1214 641 1302 constituunt3
670 1215 767 1314 quod
793 1215 821 1291 is
848 1213 953 1290 festus
970 1216 1228 1316 celebratusque
1311 1205 1317 1220 ’

242 1363 465 1436 peromnem
484 1334 644 1414 Africam
677 1338 802 1413 ludum
834 1341 868 1412 ἅ
896 1333 1074 1412 lasciviam
1100 1339 1227 1438 magis,

244 1485 353 1558 quam
388 1458 613 1536 formidinem
642 1458 847 1533 ostentabat.
905 1458 973 1532 Sed
1002 1458 1065 1532 ubi
1088 1478 1228 1559 tempus

244 1577 324 1671 fuit,
349 1579 570 1654 centuriones
591 1577 817 1677 tribunosque
842 1578 1018 1669 militares,
1049 1585 1083 1656 &
1112 1581 1228 1680 ipsum

243 1700 449 1801 prefedlum
482 1701 604 1800 oppidi
637 1703 684 1776 T.
714 1699 917 1800 Turpilium
941 1699 1110 1794 Silanum,
1141 1703 1228 1778 alius

244 1825 353 1914 alium
381 1825 506 1898 domos
539 1821 614 1898 suas
642 1821 819 1898 invitant:
858 1847 917 1896 eos
945 1823 1072 1913 omnis,
1101 1845 1230 1921 praeter

243 1945 461 2045 ffurpilium,
488 1945 578 2020 inter
602 1947 720 2046 epulas
736 1947 971 2020 obtruncant:
999 1942 1115 2042 postea
1131 1946 1229 2018 mili·
1319 1951 1320 2028 j

243 2085 295 2142 tes
327 2065 488 2163 palantis,
523 2065 690 2156 inermos,
721 2066 856 2163 quippe
884 2066 1010 2166 instali
1027 2064 1084 2139 die
1100 2091 1140 2138 ac
1158 2069 1231 2140 fine

244 2185 412 2284 imperio,'
432 2186 698 2284 adgrediuntur.
748 2187 850 2260 Idem
876 2187 996 2283 plebes
1024 2177 1121 2275 facit,
1150 2212 1230 2284 pars

244 2306 361 2382 edodli
388 2308 434 2380 ab
460 2305 652 2396 nobilitate,
682 2305 740 2380 alii
768 2305 883 2380 studio
899 2305 1023 2380 talium
1039 2331 1158 2382 rernm
1175 2307 1228 2382 in·

244 2425 364 2502 citati:
393 2426 471 2524 quis
504 2428 581 2503 ada
613 2426 866 2526 confiliumque
894 2425 1139 2525 ignorantibus
1174 2447 1228 2502 tu»

198 2543 201 2548 ’
244 2551 376 2626 multus
392 2545 463 2646 ipse
489 2552 523 2624 ὅτ
552 2573 606 2626 res
622 2568 724 2624 novae
741 2548 817 2624 satis
835 2549 1032 2648 placebant.
1125 2531 1131 2542 “
1169 2613 1181 2632 ,

246 2745 250 2750 .
294 2672 449 2750 LXVII.
476 2674 649 2748 Rollin
668 2671 813 2764 milites,
831 2667 1024 2770 improviso
1040 2688 1151 2761 metu,
1175 2671 1229 2744 in-
1318 2635 1319 2710 }

246 2792 542 2892 assignarique,
570 2793 656 2892 quid
680 2793 911 2893 potissumum
936 2792 1103 2884 facerent,
1122 2792 1228 2891 trepi-

243 2915 330 2988 dare
357 2915 404 2988 ad
420 2910 536 2990 arcem
554 2915 691 3014 oppidi,
717 2915 780 2991 ubi
808 2919 904 3016 signa
932 2905 967 2988 dr
991 2911 1086 2988 scuta
1107 2933 1227 2986 erant:

244 3033 445 3132 praefidium
461 3035 629 3126 hostium,
650 3057 761 3134 portae
778 3057 861 3110 ante
874 3031 994 3112 clausae
1006 3033 1131 3134 firgam
1148 3059 1230 3132 pro-

242 3155 439 3234 hibebant:
471 3155 613 3232 adhoc
642 3158 807 3232 mulieres
838 3159 1005 3256 pu'en'que
1038 3181 1102 3255 pro
1130 3155 1229 3228 tediis

245 3275 478 3356 ffdificmm
504 3274 597 3368 saxa,
625 3279 762 3372 &alia
792 3305 872 3378 quae
905 3280 1001 3354 locus
1035 3278 1228 3376 praebebat,

244 3398 403 3476 certatim
422 3397 570 3472 mittere.
607 3401 660 3472 lta
677 3425 792 3498 neque
804 3400 917 3474 caveri
934 3425 1061 3498 anceps
1077 3399 1228 3488 malurn,
1317 3387 1318 3431 l

184 3549 186 3556 ·
244 3529 360 3618 neque
400 3547 421 3596 a
461 3518 661 3611 fortiffumis
700 3520 946 3596 infirmiffumo
976 3521 1093 3621 generi
1125 3517 1228 3594 relilli

116 3725 118 3732 ¹
246 3643 365 3738 polle:
396 3641 501 3742 juxta
529 3641 614 3717 boni
645 3643 812 3742 malique,
845 3643 974 3716 strenui
1003 3647 1036 3716 δι
1069 3642 1229 3716 imbelles

244 3761 347 3836 inulti
369 3765 589 3875 obtruncati·
629 3767 671 3840 In
686 3789 728 3852 ea
745 3783 841 3842 tanta
858 3763 1051 3865 asperitate,
1078 3762 1229 3858 saevilsu·
