2672 4682
228 315 275 394 50
443 285 1036 362 cciunsniiusm
1139 279 1148 286 ’

227 471 257 510 “
275 489 376 540 mus:
411 461 544 562 quippe
560 457 734 534 sociorum
751 475 855 556 atque
879 455 1027 548 civium,
1045 463 1214 555 praeterea

230 592 458 660 “armorum
489 603 593 680 atque
622 603 797 679 equorum
820 576 931 678 major
957 577 1060 654 nobis
1091 581 1212 680 copia,

231 715 260 752 “
280 733 388 806 quam
406 705 484 780 illis.
533 702 600 774 Sed
628 701 695 776 alia
717 700 825 794 suere,
854 725 933 800 qua
957 699 1036 774 illos
1063 727 1213 802 magnos
1255 763 1258 770 t

231 836 259 874 “
278 827 414 915 fecere;
438 851 516 924 quae
546 821 647 896 nobis
664 824 760 898 nulla
773 824 875 897 sunt:
906 821 1005 897 domi
1025 820 1212 917 industria,

230 959 257 1012 ‘·‘
276 950 356 1026 soris
380 947 514 1048 justum
537 945 740 1044 imperium,
782 945 918 1020 animus
939 944 976 1018 in
998 944 1214 1019 consulendo

230 1081 258 1117 “
276 1072 376 1161 liber,
403 1093 518 1168 neque
537 1067 680 1158 delicto,
711 1092 826 1166 neque
851 1065 1001 1141 lubidini
1022 1065 1213 1144 obnoxius.

231 1204 259 1240 “
278 1197 345 1268 Pro
362 1190 414 1264 his
432 1215 495 1264 nos
511 1189 682 1264 habemus
695 1189 870 1264 luxuriam
887 1205 992 1286 atque
1007 1186 1189 1261 avaritiam
1198 1217 1211 1276 ;

232 1311 418 1410 “publice
447 1310 650 1409 egestatem,
682 1309 847 1408 privatim
870 1307 1110 1408 opulentiam
1137 1311 1212 1384 lau-

231 1436 398 1508 “damus
428 1431 579 1522 divitias,
604 1430 780 1530 sequimur
807 1430 989 1524 inertiam3
1023 1431 1113 1506 inter
1144 1433 1212 1505 bo·

229 1565 337 1628 “nos
366 1559 399 1626 &
425 1554 535 1627 malos
547 1551 731 1628 discrimen
743 1555 909 1639 nullum3
933 1553 1054 1628 omnia
1073 1551 1212 1628 virtutis

229 1686 256 1724 “
276 1675 416 1775 ptaemia
440 1674 588 1774 ambitio
616 1676 774 1772 possidet.
824 1676 954 1773 Neque
973 1673 1101 1750 mirum
1115 1705 1126 1762 ;
1139 1676 1213 1750 'ubi

231 1809 258 1846 “
277 1825 339 1873 vos
371 1793 553 1893 separatim
582 1795 644 1870 fibi
678 1793 824 1894 quisque
864 1796 1047 1870 consilium
1072 1795 1211 1894 capitis,

231 1931 259 1968 “
278 1919 337 1994 ubi
354 1918 452 1991 domi
469 1917 723 2015 voluptatibus,
742 1917 799 1992 hic
818 1915 987 2016 pecuniae,
1011 1935 1069 1992 aut
1091 1918 1214 2016 gratiae
1281 1924 1284 1930 '

230 2050 259 2087 “
276 2040 429 2125 servitis3
453 2063 502 2118 co.
513 2041 567 2128 fit,
590 2059 629 2112 ut
645 2038 796 2136 impetus
809 2041 871 2112 fiat
893 2039 930 2112 in
954 2065 1103 2114 vacuam
1120 2063 1213 2116 rem·

230 2170 258 2205 “
277 2161 466 2260 publicam.
516 2160 584 2232 Sed
600 2184 669 2258 ego
685 2159 760 2232 haec
782 2157 919 2232 omitto.
978 2159 1215 2259 Conjuravere

230 2291 257 2327 “
276 2279 490 2356 nobilissumi
514 2281 608 2354 cives
629 2279 778 2378 patriam
795 2279 1003 2354 incendere:
1029 2267 1214 2362 Gallorum

230 2411 260 2461 “·
280 2425 421 2503 gentem
438 2401 701 2476 infestissumam
723 2401 859 2475 nomini
882 2406 1049 2476 Romano
1070 2404 1115 2476 ad
1137 2405 1213 2477 bel-

231 2532 258 2568 “
277 2525 354 2598 lum
370 2527 562 2598 arcessunt:
593 2524 669 2596 dux
693 2514 844 2597 hostium
871 2521 974 2622 supra
1007 2541 1111 2622 caput
1134 2525 1210 2598 est:

231 2654 259 2690 ‘⁶
278 2649 351 2718 Vos
372 2645 585 2719 cunctamini
603 2645 839 2738 etiamnunc,
866 2646 952 2746 quid
971 2644 1063 2720 intra
1081 2645 1214 2720 moenia
1301 2662 1325 2692 '⁴

231 2775 258 2812 “
274 2768 492 2864 adprehensis
508 2766 676 2857 hostibus,
689 2765 845 2841 faciatis?
866 2766 1106 2842 Misereamini
1129 2792 1211 2840 cen·

231 2897 259 2932 “
277 2888 358 2964 seo:
389 2887 565 2987 deliquere
588 2887 749 2962 homines
770 2873 1015 2963 adolescentuli
1049 2913 1111 2986 per
1136 2913 1213 2962 atn-

232 3018 261 3056 “
280 3010 474 3096 bitionem3
508 3029 612 3107 atque
628 3011 733 3083 etiam
749 3029 900 3084 armatos
918 3009 1112 3086 dimittatis.
1153 3007 1214 3082 Ne

232 3130 342 3204 “ista
367 3128 468 3204 vobis
501 3128 731 3205 mansuetudo
769 3133 805 3204 ὅτ
828 3131 1073 3222 misericordia,
1109 3133 1132 3206 li
1162 3128 1214 3202 illi

232 3259 261 3295 “
279 3275 375 3324 arma
391 3249 560 3346 ceperint,
579 3251 615 3324 in
639 3249 809 3326 miseriam
826 3273 947 3328 vertet.
997 3251 1135 3327 Scilicet
1160 3275 1216 3325 res

165 3427 168 3436 ·
232 3379 260 3418 “
278 3371 395 3472 aspera
412 3371 483 3459 est3
516 3371 576 3446 sed
604 3399 667 3446 vos
695 3400 766 3448 non
794 3375 923 3450 timetis
943 3401 1044 3462 eam.
1093 3377 1215 3446 Immo

232 3501 364 3568 “vero
386 3517 580 3581 maxume;
616 3493 675 3568 sed
703 3495 826 3570 inertia
859 3503 892 3572 δι
920 3495 1067 3570 mollitia
1089 3493 1214 3586 animi,

231 3622 260 3659 “
279 3615 365 3689 alius
397 3614 506 3688 alium
535 3614 769 3714 exspectantes
803 3616 1030 3706 cunctamini,
1064 3615 1120 3690 dis
1143 3615 1213 3690 im-

232 3744 261 3784 “
279 3736 483 3812 mortalibus
507 3738 640 3831 conlisi,
669 3739 731 3839 qui
758 3741 849 3815 hanc
877 3737 1134 3842 rempublicam
1177 3729 1248 3811 in*
