2672 4682
237 339 285 412 66
438 331 1050 406 C.Cn1se1Snn1.ust11

237 527 370 598 tamen,
397 507 585 608 postquam
603 505 786 581 hominem
804 501 1074 596 adolescentem,
1104 509 1233 584 exacta

238 629 298 704 sua
316 648 431 721 aetate,
452 629 565 727 parvis
581 627 711 718 liberis,
734 625 847 726 magis
871 623 1053 726 magisque
1078 626 1234 703 crescere

239 750 425 850 intellegit,
460 751 685 824 vehementer
717 745 1091 848 negotio'permotus,
1116 752 1233 824 multa

239 899 324 948 eum
347 873 467 947 animo
484 870 545 946 suo
562 873 741 946 volvebat.
791 871 963 944 Terrebat
984 891 1109 944 natura
1133 896 1233 946 mor-

240 995 377 1087 talium,
407 994 510 1068 avida
535 993 674 1092 imperii
703 997 737 1090 dt
763 1017 918 1091 praeceps
942 992 988 1066 ad
1011 993 1232 1090 explendam

240 1115 349 1190 animi
367 1115 597 1214 cupidinem:
631 1133 798 1214 praeterea
827 1113 1068 1212 opponunitas
1090 1112 1236 1214 suaeque

241 1242 276 1312 δι
294 1237 487 1312 liberorum
505 1237 628 1329 aetatis,
642 1239 722 1336 quae
735 1236 840 1310 etiarn
853 1233 1041 1310 mediocris
1056 1235 1149 1309 viros
1171 1234 1233 1334 spe

240 1358 367 1456 praedae
388 1355 598 1433 transvorsos
614 1359 715 1458 agit:
741 1358 787 1432 ad
815 1359 884 1431 hoc
905 1355 1018 1430 studia
1050 1357 1233 1432 Numida·

239 1505 320 1554 rum
337 1479 373 1552 in
392 1481 606 1578 Jugurtham
639 1478 801 1567 aceensa,
827 1505 873 1553 ex
902 1477 1045 1577 quibus,
1075 1481 1233 1554 sitalem

240 1600 359 1674 virum
392 1601 628 1694 interfeciffet,
656 1627 796 1700 nequa
828 1599 966 1692 seditio,
998 1619 1059 1674 aut
1095 1601 1233 1677 bellum

240 1721 400 1815 oriretur,
426 1723 550 1796 anxius
575 1741 657 1797 erat.

290 1845 369 1918 Vll.
396 1846 476 1920 Hts
494 1845 760 1934 difficultatibus
773 1843 1030 1922 circtunventus
1043 1844 1105 1918 ubi
1117 1844 1232 1936 videt,

212 2055 216 2067 .
240 1991 357 2063 neque
370 1991 432 2062 per
449 1965 540 2059 vim,
561 1993 677 2064 neque
694 1967 822 2042 insidiis
839 1966 992 2066 opprimi
1006 1967 1099 2063 polle
1113 1967 1235 2039 nomn

145 2067 152 2080 ¹
239 2110 323 2160 nem
336 2105 409 2158 tam
421 2107 606 2183 acceptum
617 2089 860 2185 popularibus,
869 2090 967 2189 quod
978 2089 1234 2186 eratJugurtha

240 2213 349 2281 manu
367 2211 577 2304 promtus&
596 2210 765 2304 adpetens
784 2207 904 2306 gloriae
923 2207 1095 2300 militaris,
1114 2208 1234 2282 statuit

241 2352 325 2404 eum
347 2323 522 2425 objectare
538 2327 699 2425 periculis
718 2329 752 2401 δι
771 2354 813 2402 eo
832 2330 942 2402 modo
958 2326 1136 2402 fortunam
1153 2350 1232 2404 ten-

130 2429 137 2440 *
239 2467 325 2523 tare.
343 2447 468 2547 Igitur,
482 2451 576 2522 bello
588 2449 828 2541 Numantino,
839 2447 993 2547 Micipsa
1002 2473 1086 2522 cum
1099 2454 1233 2548 populo

208 2563 211 2573 ’
241 2575 412 2646 Romano
429 2570 590 2670 equitum
607 2589 714 2670 atque
732 2571 891 2669 peditum
908 2569 1039 2646 auxilia
1063 2569 1232 2664 mitteret,

241 2691 395 2791 sperans,
414 2694 472 2766 vel
488 2693 694 2768 ostentando
708 2694 888 2786 virtutem,
919 2695 977 2766 vel
994 2691 1148 2766 hostium
1171 2693 1233 2767 sae-

145 2791 156 2813 ·
240 2815 327 2890 vitia
346 2814 447 2889 facile
465 2815 685 2908 occasurum,
706 2815 860 2916 praefecit
877 2812 1060 2905 Numidis,
1080 2841 1171 2912 quos
1195 2815 1233 2888 in

242 2934 453 3034 Hispaniam
469 2936 643 3012 mittebat.
694 2939 763 3012 Sed
787 2964 828 3012 ea
853 2963 905 3011 res
928 2939 1035 3035 longe
1062 2935 1173 3027 aliter,
1192 2961 1234 3010 ac

241 3075 335 3130 ratus
364 3078 448 3148 erat,
479 3059 608 3133 evenit.
658 3060 755 3133 Nam
774 3061 963 3159 Jugurtha,
993 3078 1034 3132 ut
1063 3077 1136 3130 erat
1165 3056 1233 3130 im·

244 3177 350 3277 pigro
367 3198 473 3276 atque
489 3181 560 3254 acri
576 3179 736 3279 ingeni0,
771 3181 834 3254 ubi
850 3202 1011 3254 naturam
1033 3182 1074 3253 P.
1097 3176 1233 3276 Scipio-

243 3300 312 3392 nis,
327 3300 388 3399 qui
407 3320 486 3374 tum
505 3301 678 3405 Romanis
695 3302 897 3401 imperator,
917 3303 952 3374 dt
969 3321 1106 3374 morem
1126 3299 1233 3374 hosti-

201 3430 204 3448 *
240 3446 305 3495 um
345 3422 537 3522 cngnovit;
593 3426 707 3497 multo
739 3408 870 3517 'labore
903 3426 1087 3521 multaque
1135 3445 1233 3510 cura,

244 3563 411 3638 praeterea
445 3544 707 3618 modestiffume
732 3547 947 3644 parendo&
976 3543 1067 3642 saepe
1088 3541 1234 3614 obviam

243 3665 361 3738 eundo
381 3665 541 3764 periculis
558 3665 594 3740 in
610 3685 745 3740 tantam
767 3665 1014 3741 claritudinem
1031 3663 1130 3739 brevi
1156 3689 1233 3762 pers

244 3807 399 3880 venerat,
425 3808 463 3880 ut
481 3786 607 3863 nostris
623 3787 850 3884 vehementer
863 3813 978 3880 carus,
1004 3783 1234 3861 Numantinis
