2672 4682
469 358 768 435 CArrrrrrn.
1074 387 1116 464 17
1218 427 1223 442 l

121 542 153 580 “
174 559 293 611 omnes
304 534 385 636 jam
402 555 502 609 antea
514 535 638 609 diverfi
655 535 807 610 audistis.
844 530 1013 610 Ceterum
1030 534 1120 612 mihi

124 664 156 704 “
173 658 292 732 indies
306 657 423 757 magis
440 656 578 731 animus
598 657 811 748 accenditur,
826 682 908 731 cum
922 661 1117 750 confidem,

124 784 154 822 “
170 805 249 878 quae
274 778 434 853 conditio
463 778 546 852 vitae
575 777 691 852 futura
718 782 770 868 fit,
801 777 862 852 nifi
894 776 1028 852 nosmet
1058 781 1119 877 ipfi

74 926 78 932 ·
119 907 151 943 “
169 899 397 976 vindicamus
414 899 450 972 in
467 899 678 974 libertatem.
729 901 828 974 Nam
847 898 1035 997 postquam
1052 901 1117 974 res·
1206 994 1209 1002 .

120 1026 151 1064 “
172 1020 317 1120 publica
342 1021 379 1094 in
412 1047 607 1118 paucorum
632 1019 690 1120 jus
724 1041 829 1120 atque
846 1020 1018 1094 ditionem
1033 1049 1118 1095 con-

122 1147 152 1188 “
173 1145 286 1229 cesfit;
318 1139 456 1239 semper
481 1142 548 1216 illis
578 1168 691 1241 reges,
720 1144 899 1217 tetrarchae
928 1143 1118 1243 redigales

121 1267 151 1306 “
171 1263 265 1335 else:
297 1261 436 1360 populi,
458 1263 615 1340 nationes
648 1264 818 1361 stipendia
844 1265 1023 1368 pendere:
1061 1292 1118 1338 ce-

121 1388 151 1430 “
171 1384 235 1456 teri
252 1409 390 1473 omnes,
414 1383 554 1475 strenui,
584 1385 683 1476 boni,
714 1384 851 1459 nobiles
881 1405 987 1483 atque
1015 1387 1117 1486 igno-

99 1511 155 1568 .“
175 1503 261 1579 biles
279 1507 410 1604 vulgus
440 1504 584 1597 fuimus,
611 1511 681 1580 fine
706 1505 830 1606 gratia,
862 1511 931 1580 fine
965 1507 1118 1582 auetori-

125 1629 156 1666 “
173 1643 257 1724 tate,
287 1626 342 1698 his
360 1627 523 1718 obnoxii,
554 1628 696 1726 quibus,
721 1633 744 1702 fi
761 1626 955 1724 respublica
971 1630 1116 1720 valeret,

125 1745 359 1820 “formidini
382 1749 540 1822 ellemus.
591 1750 714 1848 Itaque
746 1749 861 1822 omnis
897 1750 1017 1847 gratia,
1053 1777 1117 1848 po-

127 1873 159 1908 “
176 1867 299 1958 tentia,
329 1871 456 1960 honos,
480 1869 613 1943 divitiae
632 1871 726 1968 apud
744 1869 824 1944 illos
842 1869 933 1959 sunt,
967 1889 1026 1942 aut
1054 1872 1118 1944 ubi

128 1993 159 2032 “
175 1987 227 2061 illi
257 1990 409 2064 volunt:
443 1989 593 2088 repulsas
611 1991 712 2065 nobis
730 1991 915 2089 reliquere,
950 1989 1118 2088 pericula,

126 2116 156 2152 “
169 2107 330 2206 judicia,
366 2112 565 2210 egestatem.
626 2117 717 2212 Qae
757 2111 940 2211 quousque
974 2113 1119 2186 tandem

126 2235 159 2274 “
178 2228 357 2328 patiemini
374 2230 559 2306 fortiffumi
577 2233 641 2306 viri
658 2238 670 2306 ?
707 2259 824 2306 nonne
841 2233 950 2306 emori
968 2259 1031 2332 per
1047 2234 1118 2310 vir·
1135 2235 1139 2250 '

126 2357 157 2394 “
174 2371 285 2424 tutem
303 2353 450 2450 prestat,
482 2379 589 2452 quam
610 2354 729 2428 -vitam
757 2353 917 2428 miseram
936 2373 1044 2454 atque
1062 2355 1116 2430 in-

94 2469 98 2476 ’
125 2477 154 2516 “
170 2473 370 2564 honestam,
400 2473 462 2548 ubi
485 2459 792 2572 alienae’superbiae
810 2475 964 2548 ludibrio
996 2474 1115 2578 fueris,

125 2599 153 2638 “
171 2619 233 2691 per
262 2595 415 2669 dedecus
442 2595 630 2670 amittere?
667 2599 802 2671 Verum
828 2597 923 2670 enim
948 2621 1034 2670 vero
1053 2625 1116 2695 pro
1182 2578 1184 2585 ,

126 2720 154 2756 “
171 2715 294 2789 Delam
323 2735 429 2815 atque
456 2717 643 2790 hominum
665 2719 797 2792 fidem!
840 2717 988 2791 victoria
1015 2719 1117 2794 nobis

126 2834 211 2908 “in
240 2862 377 2910 manu..
426 2837 534 2937 Viget
561 2858 656 2928 atas,
677 2835 820 2912 'animus
844 2840 964 2911 valet:
993 2860 1117 2914 contra
1169 2914 1177 2926 ,

124 2955 237 3029 “illis
259 2957 360 3030 annis
394 2979 500 3056 atque
526 2959 659 3032 divitiis
697 2959 817 3033 omnia
846 2947 1112 3037 consenuerunt.

125 3079 333 3152 “Tantum
362 3081 472 3154 modo
504 3080 644 3178 incepto
671 3108 760 3179 opus
797 3082 869 3156 est:
915 3103 1028 3156 cetera
1060 3111 1115 3158 res

125 3205 153 3244 “
173 3200 352 3299 expediet.
415 3202 559 3276 Etenim
589 3202 912 3302 quismortalium‚
938 3205 995 3278 cui
1019 3205 1117 3278 virile

123 3328 150 3366 “
169 3321 371 3420 ingenium,
395 3325 542 3399 tolerare
559 3325 685 3430 potest,
707 3324 774 3398 illis
787 3325 924 3400 divitias
941 3324 1114 3423 superare,

124 3449 151 3490 ‘⁶
166 3469 259 3541 -quas
282 3441 499 3541 profundant
528 3445 564 3518 in
581 3445 792 3538 exstruendo
812 3447 898 3521 mari
925 3453 958 3520 ὅτ
984 3447 1114 3520 monti-

124 3571 152 3607 “
173 3567 238 3638 bus
266 3564 519 3662 coaequandis3
545 3566 646 3639 nobis
668 3573 742 3641 rem
775 3567 981 3684 familiarem
1010 3567 1115 3644 etiam

121 3686 215 3758 “ad
231 3685 417 3760 necellaria
433 3687 568 3760 dceffe?
600 3687 679 3762 illos
702 3688 814 3779 binas,
845 3709 904 3762 aut
944 3689 1111 3787 amplius,
1156 3733 1159 3743 =

121 3807 299 3883 “domos
332 3808 567 3897 continuare3
611 3808 712 3884 nobis
757 3809 864 3883 larem
910 3807 1115 3889 familiarem

606 3929 636 4008 C
