2664 4692
157 403 159 406 ,
241 325 303 406 Da
330 333 428 415 Rar.
451 284 727 408 OrroruAqu,
743 333 810 407 Er.
831 329 877 406 ΙΙ.
1026 363 1096 437 253
1123 276 1126 288 i

114 519 187 598 tur',
206 508 326 582 omniu
342 505 497 584 funditus
513 505 663 600 misceri,
679 499 841 608 antiquie
852 509 988 584 civibus
1006 514 1097 588 hanc

114 629 320 704 servitutem
343 631 492 728 imponi,
521 657 672 730 regnum
691 633 844 730 denique
862 657 907 706 ex
925 633 1031 707 libera
1048 636 1105 708 ci·⁴

115 753 222 826 vitate
251 751 423 843 futurum,
452 753 515 826 ubi
542 753 644 826 unius
661 779 805 830 munere
822 744 1012 826 multitudo
1042 753 1096 828 in«
1196 847 1198 852 Ι

78 909 82 916 ·
115 901 200 972 gens
229 874 266 948 in
293 874 471 948 civitatem
498 875 703 972 pervenerit.
756 875 934 972 Equidem
958 901 1026 973 ego
1051 880 1097 950 fio

116 997 218 1094 apud
229 985 391 1069 animum
409 1021 528 1070 meum
544 995 654 1068 statuo
669 998 838 1071 :amalum
856 995 990 1070 facinus
1006 996 1042 1078 in,¹
1063 995 1099 1070 se

115 1117 346 1206 committere,
392 1116 453 1214 qui
479 1115 711 1190 incommodo
741 1115 823 1213 reip.
855 1116 1001 1214 gratiam
1034 1105 1104 1192 fibi

1 1306 2 1311 ,
114 1237 303 1324 conciliet3
340 1237 401 1312 ubi
430 1239 564 1310 bonum
595 1236 897 1334 publicumetiam
932 1236 1097 1334 privatim
1145 1267 1150 1280 ¹

112 1359 188 1432 usui
217 1359 293 1434 est:
324 1357 362 1432 id
379 1385 463 1432 vero
480 1357 642 1434 dubitare
669 1357 826 1456 adgredi,
856 1356 1020 1436 socordiae
1037 1379 1094 1434 ,at-

114 1504 184 1578 que
202 1478 353 1578 ignavia
372 1480 476 1552 duco.
527 1482 584 1552 M.
602 1477 709 1552 Livio
728 1477 840 1552 Druso
856 1476 992 1575 semper
1008 1505 1093 1552 con-

114 1600 228 1680 filium
246 1599 324 1690 fuit,
342 1599 380 1672 in
397 1601 577 1688 tribunatu
594 1597 730 1672 summa
747 1625 813 1696 ope
830 1599 894 1672 niti
910 1625 974 1696 pro
990 1600 1093 1674 nobi-

111 1721 231 1794 litate:
257 1745 373 1818 neque
400 1722 510 1794 ullam
537 1747 611 1794 rem
639 1720 675 1794 in
705 1719 878 1818 principio
906 1745 1011 1817 agere
1040 1719 1093 1794 in-

109 1841 239 1931 tendit,
258 1841 318 1914 nisi
335 1841 384 1914 illi
403 1844 558 1916 austores
576 1844 709 1914 fierent.
759 1841 827 1946 Sed
843 1839 1003 1912 homines
1020 1839 1093 1916 fac·

108 1961 201 2053 tiosr,
234 1963 360 2062 quibus
389 1963 507 2053 dolus,
547 1983 652 2060 atque
681 1961 827 2051 malitia,
847 1962 933 2036 fide
961 1945 1094 2037 cariora

1 2135 2 2140 κ
110 2081 226 2174 erant,
267 2084 327 2159 ubi
368 2083 630 2172 intellexerunt,
671 2108 732 2179 per
763 2108 875 2156 unum
909 2082 1092 2158 hominem
1206 2128 1208 2137 κ

109 2187 323 2291 maxumum
357 2203 568 2278 beneficium
598 2203 714 2276 multis
739 2204 953 2278 mortalibus
987 2205 1089 2278 dari:
1172 2217 1177 2228 “

109 2324 276 2398 videlicet
306 2331 340 2398 ὅτ
368 2325 430 2399 fibi
456 2323 600 2424 quisque
617 2323 786 2414 conscius,
800 2326 896 2398 malo
912 2345 1018 2423 atque
1035 2325 1091 2398 irr-

109 2446 186 2520 fido
202 2445 318 2550 animo
336 2449 418 2536 effe,
442 2448 487 2520 de
509 2449 566 2519 M.
584 2445 690 2518 Livio
708 2445 823 2519 Druso
844 2443 960 2543 juxta,
984 2473 1023 2522 ac
1044 2449 1091 2522 de

108 2566 157 2657 se,
183 2566 492 2642 existumaverunt.
536 2569 660 2664 Itaque
677 2586 787 2654 metu,
806 2589 850 2638 ne
870 2592 931 2662 per
955 2587 1091 2642 tautam

109 2687 260 2787 gratiam
288 2687 378 2762 solus
403 2714 517 2770 rerum
544 2686 724 2784 potiretur,
751 2705 873 2758 contra
902 2711 983 2758 eum
1011 2686 1089 2779 nifi,
1132 2745 1134 2749 .

107 2805 168 2880 sua
197 2812 231 2882 tc
262 2808 373 2907 ipsius*
392 2809 531 2884 confilia
560 2807 851 2902 disturbaverunt,
902 2809 986 2902 Qo
1009 2805 1096 2896 tibi,
1151 2874 1153 2876 ,

107 2933 319 3027 Imperator,
346 2929 475 3028 majore
499 2954 581 3004 cura
605 2929 746 3025 fideque
766 2924 885 3018 amici,
917 2931 950 3000 ὅτ
980 2929 1091 3004 multa

108 3050 268 3150 praefidia
293 3052 445 3148 paranda
469 3050 558 3124 sunt.
652 3055 656 3074 '

156 3172 311 3246 Hostem
335 3169 517 3244 adversum
549 3169 757 3268 opprimere,
789 3168 925 3244 strenuo
953 3170 1089 3244 homini
1182 3207 1186 3219 x

86 3275 203 3366 'haud
216 3292 433 3366 difficileest:
455 3293 590 3366 occulta
602 3292 754 3388 pericula
766 3303 880 3390 neque
890 3272 1015 3382 facere,
1026 3317 1088 3366 ne·

108 3441 177 3514 que
191 3415 301 3488 vitare
310 3412 412 3487 bonis
422 3411 459 3484 in
469 3432 612 3508 promtu
625 3412 685 3484 est.
703 3412 829 3511 Igitur,
844 3413 906 3486 ubi
919 3437 977 3485 eos
990 3411 1025 3484 in
1037 3411 1086 3484 ci-

105 3537 253 3610 vitatem
269 3533 475 3619 adduxeris;
496 3533 661 3631 quoniam
676 3533 819 3630 quidem
834 3550 994 3606 revocata
1012 3533 1086 3628 pie·

106 3660 167 3731 bes
185 3657 263 3746 erit,
278 3655 315 3728 in
331 3683 371 3729 ea
389 3681 425 3729 re
442 3679 614 3728 maxume>
626 3653 784 3726 animum
802 3651 1001 3741 exercitato,
1035 3652 1087 3725 uti

105 3780 265 3853 colantur
277 3777 361 3852 boni
373 3803 484 3852 mores
497 3805 507 3864 ;
523 3773 710 3851 concordia
723 3771 812 3845 inter
826 3791 958 3845 veteres
972 3778 1004 3847 ὅτ
1023 3799 1087 3848 ao·
