2662 4686
699 217 710 248 Ι

291 405 294 413 Κ
355 323 722 420 Juouuattu.¹
1003 349 1070 426 153
1176 303 1180 314 ³

79 498 157 576 dies
187 499 317 572 eodem
339 519 540 574 ventumm.
590 499 646 574 Sic
672 499 812 598 incepto
843 500 905 574 suo
935 505 1072 578 occulto

81 620 200 721 pergit
226 621 273 694 ad
299 623 433 700 flumen
458 623 610 694 Tanam.
1005 705 1008 712 ¹

132 743 231 818 XCI.
259 742 459 818 Curetum
489 742 526 819 in
548 741 670 816 itinere
704 743 862 840 quotidie
885 770 991 841 pecus
1009 770 1072 820 ex·

81 862 203 938 ercitui
221 888 285 960 per
302 863 486 956 centurias,
515 863 600 940 item
616 883 747 938 turmas
763 863 942 962 aequaliter
958 867 1071 942 distri-

81 987 222 1075 buerat,
254 989 288 1058 δι
306 1009 352 1058 ex
370 983 473 1064 coriis
489 976 583 1058 utres
600 986 651 1059 uti
668 987 803 1075 fierent,
834 988 999 1061 curabat:
1031 991 1073 1062 sr-

84 1108 161 1180 mul
191 1110 225 1178 &
255 1104 412 1202 inopiam
429 1103 596 1180 frumenti
613 1103 735 1196 lenire,
768 1109 816 1194 δι,
842 1105 969 1206 ignaris
993 1087 1072 1184 oni-

83 1227 203 1316 nibus,
233 1251 365 1324 parare,
396 1253 476 1330 quae
505 1253 592 1300 mox
625 1226 700 1300 usui
731 1227 857 1301 sorent.
908 1230 1073 1328 Denique

82 1345 182 1422 sexto
199 1347 271 1438 die,
298 1373 381 1422 curn
414 1350 460 1422 ad
492 1352 627 1424 flumen
656 1370 801 1423 ventum
820 1350 883 1440 est,
917 1351 1074 1426 maxima

83 1469 139 1542 vis
169 1469 302 1544 utrium
335 1469 469 1544 esseda.
528 1470 584 1544 lbi
611 1470 724 1544 castris
749 1472 819 1544 levi
851 1471 1072 1546 munimento

85 1590 224 1688 positis,
249 1590 377 1664 milites
411 1591 533 1665 cibum
568 1617 705 1688 capere,
733 1612 851 1689 atque,
886 1591 937 1664 uti
973 1595 1072 1668 srmul

85 1738 170 1786 cum
186 1709 309 1784 occasu
326 1709 405 1786 solis
422 1713 682 1810 egrederentur,
712 1732 848 1809 paratos
866 1713 932 1786 effe
942 1711 1042 1810 jubet
1058 1743 1068 1786 ε
1127 1781 1136 1800 ,

84 1831 251 1908 omnibus
268 1830 406 1906 sarcinis
423 1830 579 1930 abjeslis,
592 1860 684 1932 aqua
701 1835 811 1908 modo
829 1832 933 1931 seque
962 1837 996 1905 δι
1012 1831 1071 1930 ju·

85 1973 209 2029 menta
226 1979 380 2026 onerare.
430 1954 539 2044 Dein,
566 1953 751 2052 postquam
780 1953 1072 2051 tempusſjvisum,

85 2074 206 2151 castris
225 2074 414 2171 egreditur,
449 2076 662 2174 nodemque
680 2093 791 2147 totam
820 2073 940 2148 itinere
963 2073 1071 2166 fado,

84 2194 258 2270 consedit.
284 2195 384 2270 Idem
403 2221 579 2293 proxuma
595 2194 686 2268 sacit.
717 2195 811 2278 Dein
827 2195 938 2286 tertia,
956 2191 1072 2270 mislto
1122 2201 1125 2210 '

81 2337 168 2390 ante
184 2315 269 2393 lucis
287 2319 494 2408 adventum,
520 2316 680 2413 pervenit
709 2315 745 2388 in
774 2317 893 2391 locum
914 2318 1069 2390 tumulo-

81 2435 174 2530 sum,
201 2433 247 2512 ab
273 2437 386 2536 Capsa
409 2464 482 2516 non
499 2437 649 2535 amplius
665 2439 777 2512 duum
794 2437 946 2512 millium
962 2437 1071 2526 inter-

82 2559 202 2633 vallo:
240 2558 376 2657 ibique,
409 2585 517 2658 quam
549 2557 791 2632 occultissume
819 2558 944 2656 potest,
986 2586 1072 2636 cum

83 2679 252 2762 omnibus
279 2679 388 2777 copiis
416 2678 607 2778 opperitur.
669 2680 738 2754 Sed
761 2678 822 2751 ubi
847 2666 921 2752 dies
948 2679 1074 2776 coepit,

86 2801 319 2878 &Numida
337 2801 423 2874 nihil
439 2801 563 2876 hostile
588 2803 780 2874 metuentes
807 2797 908 2872 multi
934 2785 1072 2902 oppido
1124 2835 1126 2838 ·
1206 2783 1210 2791 ’

85 2926 233 3022 egreffi3
271 2943 412 3020 repente
440 2933 584 2995 omnem
613 2920 820 3019 equitatum,
848 2925 882 2994 δι
908 2946 991 2994 cum
1016 2921 1072 2996 his
1177 2991 1180 2998 ,

85 3043 317 3137 velocilsrmos
336 3043 468 3140 pedites
485 3041 586 3116 cursu
603 3029 757 3116 tendere
773 3043 818 3115 ad
846 3041 1009 3140 Capsam,
1036 3048 1070 3118 δι

88 3186 206 3264 portas
228 3165 383 3237 obfidere
401 3161 525 3262 jubet:
556 3163 684 3238 deinde
711 3163 782 3261 ipse
814 3164 966 3238 intentus
992 3191 1071 3262 pros

88 3311 170 3383 pere
198 3284 311 3382 sequi,
339 3310 455 3382 neque
483 3284 611 3360 milites
636 3285 781 3382 praedari
811 3288 928 3360 sinere.
978 3289 1093 3383 Qtae·

89 3407 275 3505 postquam
291 3405 461 3503 oppidani
477 3431 699 3505 cognovere3
734 3389 787 3480 res
804 3407 963 3504 trepidae,
995 3431 1071 3477 me·
1131 3465 1133 3472 ,

87 3547 142 3602 tus
159 3528 298 3626 ingens,
326 3529 460 3600 malum
478 3526 722 3625 improvisum,
738 3530 786 3613 ⁴ad
803 3531 871 3602 hoc
890 3553 967 3624 pars
983 3524 1074 3598 civi·

87 3645 151 3722 um
179 3669 280 3724 extra
307 3647 442 3722 moenia
461 3648 498 3722 in
527 3647 680 3722 hostium
699 3649 881 3745 potestate,
910 3671 1069 3745 coegere,

89 3769 137 3852 uti
163 3768 383 3846 deditionem
405 3768 568 3846 facerent.
629 3771 796 3845 Cetemm
819 3769 992 3865 oppidum
1016 3770 1070 3852 in*
1175 3777 1177 3782 '
