2662 4686
103 373 115 388 ·
200 346 291 438 '90
437 315 1022 424 CsCRrsrrSAitusrrr

244 532 508 582 praesumus
528 483 703 583 recisos
723 532 943 602 JUGURTHAE
967 529 1103 580 rucrrr
1134 531 1230 582 taur.¹

244 655 376 706 Nisus.
425 631 526 728 lique
542 631 753 702 decreveree
786 635 813 674 “
827 627 888 704 uisi
906 653 1068 726 regnum,
1093 625 1225 724 ipsum·

244 759 272 794 “
293 778 362 848 que
381 731 540 829 deditum
557 749 739 840 veniffent,
776 749 826 822 uti
857 748 892 822 in
906 761 908 768 “
921 749 1044 822 diebus
1071 747 1226 845 [proxu-

245 879 272 918 “
291 872 376 970 mis]
403 873 525 944 decem
554 869 652 946 Italia
676 870 921 951 decederent.''
983 866 1114 942 Consul
1143 873 1225 944 Nu-

242 991 347 1066 midis
379 1015 422 1062 ex
453 989 567 1064 Senati
594 992 734 1066 decreto
763 989 920 1064 nunciari
933 987 1048 1088 jubet.
1099 991 1153 1066 Ita
1169 989 1225 1062 in*

134 1201 137 1206 Ι
242 1111 339 1186 fectis
356 1113 458 1184 rebus
487 1109 536 1187 illi
558 1106 709 1184 domum
735 1109 952 1186 discemus
978 1111 1124 1194 Interim
1143 1114 1225 1186 Cal-

181 1317 183 1322 ,
242 1213 396 1332 purnius,
423 1214 543 1330 parato
571 1233 740 1323 exercitu,
767 1234 860 1330 legat
881 1230 943 1305 fibi
970 1231 1129 1318 homines
1159 1261 1226 1308 no·
1326 1297 1327 1306 ,

241 1354 332 1443 bilis,
347 1351 517 1442 factiosos,
543 1381 695 1452 quorum
713 1353 928 1442 auctoritate,
954 1379 1034 1449 quae
1059 1355 1225 1452 deliquis-

241 1475 303 1563 set,
334 1474 470 1546 munita
498 1473 569 1548 fore
591 1474 772 1571 sperabat:
803 1474 850 1553 inv
870 1473 946 1571 quis
963 1471 1028 1546 fuit
1061 1478 1225 1566 Scaurus,
1326 1567 1327 1578 ἵ

240 1593 335 1692 cujus
364 1595 408 1668 de
437 1615 560 1673 natura
594 1600 627 1668 ὅτ
662 1596 784 1671 habitu
808 1595 907 1693 supra
937 1596 1225 1674 memoravimus.
1326 1693 1327 1698 ἵ

239 1717 337 1796 Nam
353 1714 389 1787 in
405 1717 555 1796 Consule
577 1717 694 1796 nostro
711 1719 830 1792 multae
849 1719 1023 1814 bonaeque
1047 1737 1134 1790 artes
1151 1717 1225 1789 ani-

240 1834 289 1908 mi
309 1839 342 1910 &
361 1837 512 1933 corporis
529 1858 652 1912 erant:
683 1865 767 1936 quas
792 1837 904 1911 omnis
927 1837 1069 1912 avaritia
1088 1863 1224 1934 praepe-

240 1955 369 2029 diebat.
420 1958 558 2033 Patiens
571 1949 747 2051 laborum,
772 1959 842 2034 acri
864 1959 1020 2058 ingenio,
1044 1955 1117 2028 satis
1141 1983 1226 2053 pro-

240 2059 376 2166 videris,
406 2078 488 2152 belli
521 2079 616 2152 haud
650 2079 804 2178 ignarus,
835 2070 1067 2154 'firmiffumus
1106 2097 1228 2152 contra

165 2221 167 2230 ·
225 2197 393 2296 pericula
427 2202 461 2274 δι
490 2198 638 2270 infidias.
701 2200 769 2280 Sed
804 2197 959 2296 legiones
1002 2225 1064 2294 per
1090 2193 1226 2272 ltaliam

209 2413 212 2418 r
242 2318 440 2416 Rhegium,
472 2337 576 2415 atque
604 2318 686 2390 inde
716 2317 882 2406 Siciliam,
909 2344 1013 2414 porro
1036 2345 1080 2390 ex
1111 2319 1226 2392 Sicilia
1326 2333 1327 2342 ’

111 2534 114 2541 Ι
239 2439 276 2512 in
296 2438 452 2512 Africam
471 2436 680 2514 transvecta.
731 2437 844 2536 Igitur
868 2437 1080 2534 Calpurnius
1107 2439 1222 2529 initio,

118 2609 125 2614 -
165 2621 167 2630 ,
241 2541 367 2659 paratis
385 2559 651 2648 commeatibus,
686 2558 809 2631 acriter
825 2557 1035 2632 Numidiam
1053 2537 1223 2656 ingreffus

236 2683 301 2775 ¹est,
332 2684 459 2765 multos
485 2679 655 2772 mortalis,
685 2679 835 2779 &urbis
869 2677 1001 2778 aliquot
1029 2667 1223 2778 pugnando

178 2885 182 2891 ,
239 2804 345 2901 capit.
529 2823 530 2828 ’
737 2799 741 2804 .
1048 2843 1051 2846 ·

289 2927 428 2998 XXIX.
455 2927 530 2997 San
560 2923 622 2998 ubi
647 2925 820 3022 Jugurtha
843 2949 904 3020 per·
920 2923 1054 3021 legatos
1078 2919 1226 3018 pecunia

239 3061 386 3133 tentare,
406 3044 572 3142 bellique,
592 3045 690 3143 quod
708 3037 983 3133 administrabat,
1005 3041 1224 3140 asperitatem
1326 3071 1327 3076 ¹

239 3165 420 3240 ostendere
437 3165 570 3262 coepit:
595 3165 842 3262 animus'aeger
860 3163 1000 3237 avaritia
1018 3163 1119 3240 facile
1136 3157 1225 3236 cori-

239 3284 356 3360 versus
374 3285 432 3358 est.
448 3290 449 3294 ’
484 3286 648 3367 Ceterum
665 3284 775 3358 socius
793 3284 1044 3368 &administer
1061 3283 1226 3363 omnium

239 3405 462 3486 consiliorum
475 3391 672 3482 adsumitur
682 3403 847 3486 Scaurus!
872 3405 932 3504 qui
946 3408 1077 3482 tametsi
1095 3431 1115 3476 a
1129 3405 1226 3500 prin,

240 3527 348 3626 cipio,
376 3525 545 3625 plerisque
575 3553 620 3600 ex
645 3524 794 3608 faelione
819 3524 890 3624 ejus
914 3525 1100 3622 corruptis,
1131 3551 1226 3622 acer·

238 3673 337 3727 rume
363 3675 482 3748 regem
508 3647 948 3746 impugnaverat3tamen
978 3645 1225 3744 magnitudine

47 3853 50 3860 ,
134 3815 142 3836 ι
240 3768 397 3875 pecuniae
427 3797 447 3844 a
473 3772 568 3849 bono
585 3769 803 3874 honestoque
820 3767 854 3840 in
869 3769 1018 3872 pravum
1033 3766 1227 3852 abstralhlt
1326 3807 1327 3832 t
