2672 4682
401 317 738 413 Jucuurnm
1051 325 1095 423 Q

99 493 296 569 tationibus
330 493 506 585 accensus,
539 515 628 593 quos
655 495 774 592 paullo
791 513 870 568 ante
895 496 1097 572 muneribus

10 631 11 638 ’
99 619 322 714 expleverat,
348 614 386 688 in
403 625 555 714 regnum
574 617 787 715 Adherbalis
805 591 965 690 aninium
980 616 1094 712 inten-
1115 642 1120 649 ’

99 737 163 810 dit.
215 736 297 834 lpse
314 762 404 826 acer,
429 737 637 812 bellicosus:
665 760 700 811 at
726 739 767 828 is,
804 765 912 836 quem
942 738 1094 833 petebat,

104 857 259 955 quietus,
286 857 452 947 imbellis,
473 858 612 955 placido
628 859 784 958 ingenio,
806 877 1025 956 opportunus
1042 858 1095 930 in-

96 969 213 1077 juriae',
246 997 408 1052 metuens
427 979 555 1077 magis,
583 1003 690 1078 quarn
709 981 929 1052 metuendus,
980 980 1097 1077 Igitur

102 1125 147 1173 ex
165 1097 360 1196 improviso
378 1099 457 1172 finis
474 1099 545 1198 ejus
563 1126 648 1187 cum·
671 1127 801 1198 magna
822 1125 930 1172 manu
947 1099 1092 1173 invasu:

102 1223 237 1294 multos
260 1220 419 1293 mortalis
444 1247 526 1294 cum
539 1224 544 1231 “
551 1248 677 1319 pecore
700 1241 803 1320 atque
821 1221 886 1294 alia
904 1222 1021 1320 praeda
1038 1247 1094 1296 ca-

104 1341 173 1440 pit,
214 1341 365 1414 aedificia
397 1341 567 1433 incendit,
601 1345 767 1442 pleraque
806 1344 882 1415 loca
926 1342 1093 1416 hostiliter

10 1477 11 1488 ¹
103 1489 188 1536 cum
207 1463 363 1560 equitatu
382 1463 530 1554 accedit.
581 1465 676 1537 Dein
706 1491 789 1537 cum
816 1463 915 1536 omni
933 1465 1093 1538 multitu-

105 1584 191 1656 dine
212 1583 249 1656 in
269 1611 421 1688 regnum
453 1583 553 1658 suum
571 1585 769 1658 convertit:
796 1584 1006 1658 existumans
1027 1587 1092 1658 do-

103 1709 177 1780 lore
214 1725 413 1802 permotum
458 1707 700 1780 Adherbalem
739 1703 880 1803 injurias
914 1703 987 1778 suas
1018 1731 1092 1779 ma-

102 1855 155 1901 nu
190 1825 462 1918 vindicaturum,
503 1825 652 1926 euinque
695 1853 768 1900 rem
813 1827 896 1899 belii
940 1829 1093 1900 cauffam

103 1947 190 2022 fore.
245 1954 296 2022 At
329 1949 386 2022 ille
418 1949 515 2046 quod
544 1974 659 2046 neque
689 1948 723 2020 se
752 1973 873 2045 parem
902 1947 1006 2020 armis
1031 1973 1092 2021 ex-

102 2069 312 2157 istumabat,
344 2075 374 2142 &
404 2059 574 2142 amicitia'
602 2070 726 2167 populi
772 2069 933 2143 Romani
963 2078 1122 2168 magis„

103 2215 219 2288 quam
237 2189 401 2263 Numidis
418 2190 524 2264 fretus
539 2211 636 2277 erat3
666 2193 798 2289 legatos
816 2193 860 2264 ad
878 2192 1107 2289 Jugurtham-
1165 2231 1169 2242 ι

101 2313 151 2384 de
179 2307 307 2409 injuriis
336 2312 498 2410 questum
527 2312 642 2386 mifit:
679 2313 740 2409 qui
757 2316 889 2386 tametfi
908 2332 1091 2386 contume-

103 2431 298 2506 liosudiCba
315 2421 515 2523 retulerant,
540 2434 636 2531 prius
654 2452 772 2506 tamen
789 2432 909 2508 omnia
931 2433 1003 2531 pati
1017 2436 1091 2508 ‘de-
1165 2465 1168 2470 ·

103 2553 232 2644 crevit,
266 2581 374 2652 quam
400 2557 534 2629 bellum
551 2556 686 2628 sumere
703 2583 711 2627 ε
741 2555 823 2652 quia
839 2573 1011 2628 tentatum
1028 2583 1091 2628 an-

104 2694 162 2746 tea
180 2673 276 2747 secus
294 2677 446 2748 cesserat.
497 2679 627 2773 Neque
644 2695 762 2748 tamen
790 2701 832 2746 eo
862 2675 974 2772 magis
991 2675 1092 2772 cupi·
1122 2695 1145 2754 x

104 2796 154 2868 do
188 2797 373 2894 Ju'gurthae
413 2795 658 2872 minuebatur:
697 2795 826 2893 quippe
873 2794 934 2890 qui
975 2815 1112 2870 totum*

10 2955 11 2976 i
103 2914 174 3015 ejus
203 2943 354 3016 regnum
384 2918 503 2992 animo
521 2916 596 3017 jam
610 2915 802 2990 invaserat.
853 2898 975 3015 Itaque
1002 2941 1089 3009 non,

105 3056 144 3109 ut
160 3058 277 3128 antea,
296 3065 379 3112 cum
397 3039 604 3137 praedatoria
621 3063 743 3129 manu,
761 3037 820 3110 sed
839 3064 970 3136 magno
992 3034 1090 3114 exer'-
1172 3121 1185 3140 Ι

104 3157 174 3232 citu
206 3180 413 3256 comparato
456 3162 590 3234 bellum
619 3171 738 3258 gerere
767 3160 889 3258 coepit,
919 3166 1092 3258 &aperte

105 3275 212 3353 totius
229 3271 413 3376 Numidiae
432 3280 620 3379 imperium
639 3303 766 3379 petere.
817 3283 995 3371 Ceterum,
1020 3307 1091 3378 qua

105 3402 289 3500 pergebat,
324 3395 435 3492 urbis,
452 3481 458 3492 ⁸
476 3429 578 3501 agros
618 3403 761 3492 vastare,
799 3402 933 3499 praedas
960 3397 1089 3498 ag'ere3

105 3519 171 3593 suis
188 3521 363 3613 animum,
391 3543 558 3596 terrorem
574 3523 730 3605 hostibus
747 3531 884 3620 augere.
955 3581 957 3585 .

154 3644 256 3716 XXI.
286 3648 511 3718 ADHERBAL
537 3643 807 3742 ubi'intellegit,
827 3669 870 3716 eo
882 3641 1089 3738 processum,

104 3761 153 3869 uei
182 3789 337 3864 regnum
369 3785 430 3840 aut
456 3765 728 3863 relinquendum
761 3765 855 3853 estet,
893 3753 952 3836 aut
987 3763 1091 3838 armis
1139 3839 1145 3890 ‚·

572 3888 650 3957 G2
