2662 4686
415 273 780 411 hominm*
1057 349 1112 424 99ο

108 517 264 595 regnum
283 487 467 566 Numidiae
485 495 531 568 ab
549 493 679 570 Senatu
697 513 805 594 petat.
854 493 992 572 Avidus
1008 499 1104 574 Con·
1196 507 1198 513 '

107 607 157 690 sul
188 614 278 688 belli
298 613 449 713 gerundi
466 639 624 705 movere,
653 643 763 714 quam
790 597 961 692 senescere
985 620 1105 694 omnia
1156 659 1158 664 ·

106 739 275 822 malebat.
319 737 385 834 Ipsi
406 736 588 833 provincia
605 738 804 825 Numidia;
837 738 1002 812 Minucio
1020 743 1104 814 Ma-

87 855 259 934 cedonia
277 877 452 932 evenerat.
504 863 596 957 Qrae
631 859 818 957 postquam
848 863 1001 960 Maffitra
1027 860 1105 960 agi·

106 964 183 1056 tare¹
207 979 336 1077 coepit,
363 1006 480 1078 neque
498 982 685 1079 Jugurthae
703 981 740 1054 in
757 980 880 1055 amicis
904 975 983 1054 satis
1015 997 1103 1080 prae'·

105 1103 180 1178 lidii
210 1103 289 1175 est:
329 1102 427 1199 quod
456 1127 580 1176 eorum
608 1103 715 1176 alium
745 1099 968 1193 conscientia,
996 1103 1104 1178 alium

106 1226 202 1298 mala
249 1222 345 1296 fama
392 1227 426 1296 δε
472 1222 576 1296 timor
613 1223 854 1320 impediebat:
899 1225 1102 1318 Bomilcari,
1156 1275 1160 1280 =

105 1371 292 1444 proxumo
322 1370 363 1440 ac
393 1368 560 1416 maxume
584 1346 658 1418 fido
685 1345 760 1437 fibi,
787 1345 950 1450 imperat,
979 1353 1006 1391 “
1025 1374 1103 1445 pre·

110 1473 138 1509 “
157 1465 225 1555 tio,
258 1463 356 1540 sicuti
372 1466 484 1538 multa
500 1465 714 1558 confecerat,
745 1467 956 1542 insidiatores
982 1471 1104 1544 Maffi·

109 1595 214 1661 “·vae
251 1605 365 1684 paret,
396 1613 437 1660 ac
461 1613 631 1660 maxume
654 1589 818 1662 occulte:
849 1593 897 1662 sm
924 1590 962 1664 id
980 1617 1105 1688 pamm

108 1717 136 1752 “
157 1709 342 1807 procedat,
367 1706 495 1806 quovis
519 1709 629 1782 modo
656 1708 856 1782 Numidam
881 1709 1104 1786 interficiat.”

109 1829 289 1904 Bomilcar
318 1850 455 1902 mature
487 1829 580 1926 regis
612 1830 779 1903 mandata
807 1828 1030 1929 exsequitur:
1068 1837 1102 1906 Sc

8 1979 9 1984 ¹
107 1977 173 2050 per
205 1950 367 2024 homines
384 1951 462 2026 talis
480 1949 615 2050 negotii
632 1949 783 2048 artifices
799 1949 922 2024 itinera
939 1952 1104 2051 egreffus-

107 2098 181 2170 que
211 2067 300 2176 ¹ejus,
331 2073 508 2169 postremo
532 2073 609 2145 loca
643 2091 750 2171 atque
784 2091 946 2170 tempora
960 2076 1105 2177 ⁸cunda

107 2193 299 2290 explorat:
326 2194 467 2285 deinde,
486 2191 557 2274 „ubi
573 2219 626 2266 res
644 2191 852 2291 postulabat,
872 2193 1009 2272 infidias
1025 2217 1102 2270 ten·

108 2313 176 2388 dit.
228 2313 342 2413 Igitur
368 2341 456 2390 unus
483 2341 527 2390 ex
548 2339 590 2390 eo
613 2339 775 2406 numero,
811 2316 874 2415 qui
898 2317 943 2392 ad
965 2319 1103 2410 ,caedem

107 2433 233 2534 parati,
263 2436 385 2534 paullo
414 2435 641 2512 inconsultius
670 2438 859 2512 Massivam
884 2421 1115 2537 adgreditur,

93 2557 209 2632 'illum
253 2560 469 2632 obtruncata
504 2557 564 2633 sed
596 2547 671 2658 ipse¹
694 2550 941 2657 deprehensus,
982 2559 1104 2632 multis

105 2677 330 2752 hortantibus
360 2682 394 2752 ὃς
427 2679 586 2777 inprimis
604 2679 740 2754 Albino
758 2678 912 2769 consule,
931 2679 1104 2754 indicium

109 2801 329 2898 profiteturs
358 2801 401 2873 'F
402 2799 428 2874 it
457 2827 534 2875 reus
563 2796 679 2898 magis
709 2827 754 2874 ex
786 2791 890 2898 aequo
919 2801 1102 2898 bonoque,

108 2946 220 3020 quam
245 2947 292 2993 ex
308 2916 388 3017 jure
420 2921 594 3022 gentium,
623 2922 797 2996 Bomilcar
810 2952 821 3010 3
863 2946 982 2998 comes
1013 2919 1101 3020 ejus,

108 3041 173 3140 qui
192 3045 353 3116 Romam
380 3043 452 3117 fide
481 3044 624 3141 publica
651 3063 805 3118 venerat.
857 3047 908 3131 At
925 3042 1104 3144 Jugurtha

107 3160 317 3237 manifestus
335 3163 421 3236 tanti
438 3163 587 3256 sceleris,
619 3193 691 3240 non
718 3166 814 3263 prius
842 3164 957 3240 omifit
983 3187 1105 3240 contra

107 3309 238 3358 verum
274 3283 350 3376 niti,
377 3309 484 3383 quam
509 3286 668 3361 animum
682 3286 858 3378 advortit,
893 3283 996 3385 supra
1026 3312 1103 3384 gra·
1191 3293 1194 3296 ’

110 3405 195 3479 tiam
224 3424 333 3504 atque
367 3407 554 3504 pecuniam
584 3407 681 3482 suam
709 3408 882 3483 invidiam
911 3407 995 3482 faeti
1023 3408 1102 3480 effe.

62 3541 65 3548 '
109 3527 235 3626 Igitur,
265 3553 484 3626 quamquam
517 3528 553 3616 in
588 3529 700 3627 priore
730 3529 866 3603 actione
909 3555 954 3602 ex
982 3526 1121 3602 amicis-

110 3647 374 3748 quinquaginta
391 3650 498 3724 vades
513 3651 681 3738 dederat3
706 3677 815 3750 regno
834 3633 961 3748 magis,
996 3671 1103 3748 quam

106 3769 260 3845 vadibus
287 3767 484 3864 consulens,
508 3773 601 3844 clam
625 3772 662 3846 in
684 3771 896 3848 Numidiam
929 3772 1102 3848 Bomilca-

543 3895 585 3967 H
613 3919 633 3964 2
