2672 4682
409 285 715 370 Cnctttttn.
832 257 837 262 ἡ
1058 319 1104 394 43

121 469 149 507 “
167 463 265 538 Nam
284 463 308 535 fi
326 461 437 562 digna
454 488 560 561 poena
576 491 639 562 pro
657 457 755 538 factis
785 489 908 537 eorum
924 465 1105 562 reperitur,

119 591 151 627 ‘¹
168 609 305 658 novum
354 584 536 657 confilium
580 586 766 683 adprobo:
790 683 793 689 Ι
815 589 863 659 fin
897 589 1107 684 magnitudo
1144 562 1147 576 ¹

25 787 26 790 Ἴ
119 713 148 747 “
164 703 301 780 sceleris
319 705 480 778 omnium
497 705 637 805 ingenia
654 705 860 804 exsuperat3
883 706 922 780 iis
935 711 1107 784 utendum

25 817 26 854 ³
120 834 147 869 “
164 825 306 918 cense0,
326 853 406 924 quae
425 824 563 924 legibus
580 848 784 924 comparata
803 826 893 900 sunt.
943 829 1108 928 Plerique
1183 865 1186 872 ⁴

25 965 26 972 ’
119 955 147 990 “
165 973 306 1039 eorum,
334 947 492 1046 quiante
514 975 572 1022 me
596 931 779 1024 sententias
796 950 978 1039 dixerunt,
1009 976 1107 1024 cont·

120 1073 281 1166 “-pofite
315 1089 421 1168 atque
446 1069 636 1168 magnifice
669 1069 786 1146 casum
813 1070 1012 1168 reipublicae
1042 1071 1107 1143 mi·
1142 1089 1145 1109 '

120 1190 267 1264 “serati
286 1187 390 1264 sunt:
420 1193 599 1289 quaebelli
617 1191 759 1282 santia,
784 1219 863 1290 quae
887 1189 988 1265 vidis
1014 1190 1108 1265 acci-

25 1343 26 1352 *
121 1320 149 1356 “
168 1314 310 1402 demut,
335 1337 594 1386 enumeravere.
645 1303 741 1411 Rapi
764 1312 931 1412 virgines,
951 1307 1105 1411 pueros:
1146 1365 1151 1372 ·

25 1459 26 1512 ῖ
122 1441 149 1476 “
170 1432 293 1506 divelli
309 1433 436 1506 liberos
465 1460 485 1506 a
512 1433 708 1531 parentium
726 1436 941 1532 complexu:
979 1455 1107 1508 matres

126 1551 386 1628 “familiarum
406 1553 491 1652 pati,
521 1581 601 1652 quae
632 1554 821 1628 vidturibus
850 1554 1080 1630 collibuiffent
1097 1583 1124 1629 :·

122 1686 149 1720 “
168 1677 249 1750 fana
279 1697 387 1775 atque
414 1676 540 1749 domus
568 1675 750 1772 exspoliari
763 1705 773 1761 ;
805 1676 953 1765 caedem,
988 1675 1108 1750 incen-

123 1805 152 1840 “
172 1799 232 1870 dia
251 1797 346 1884 fieri3
380 1797 555 1894 postremo
572 1796 691 1888 armis,
717 1794 957 1885 cadaveribus,
988 1821 1109 1870 cruore

123 1926 278 2016 “atque
307 1920 404 1990 ludu
434 1918 553 1991 omnia
571 1896 761 2016 compleri.
802 1906 894 2008 Sed,
926 1942 989 2014 per
1012 1918 1109 1990 De'os
1176 1999 1181 2009 Ι

124 2047 152 2082 “
173 2039 395 2130 immortalis,
428 2065 500 2137 quo
522 2039 581 2112 illa
610 2039 725 2120 oratio
740 2037 937 2136 pertinuit?
966 2065 1024 2129 an,
1058 2038 1110 2126 uti
1210 2100 1212 2106 ,

126 2166 157 2201 “
177 2183 241 2231 vos
258 2157 395 2232 infestos
413 2157 641 2262 conjurationi
658 2160 807 2234 faceret?
838 2157 963 2234 scilicet
999 2185 1109 2258 quem

127 2288 156 2324 “
173 2306 225 2354 res
243 2298 338 2352 tanta
354 2301 459 2379 atque
474 2302 547 2356 tarn
575 2302 674 2355 atrox
702 2309 775 2355 non
811 2281 1002 2380 permovit,
1026 2307 1109 2356 eum

125 2401 284 2476 “oratio
303 2404 481 2476 accendet.
531 2403 618 2476 Non
635 2403 683 2476 ita
704 2403 778 2477 est:
810 2429 924 2501 neque
942 2401 1108 2500 cuiquam

123 2530 150 2568 “
169 2520 530 2621 mortalium'injuriae
546 2523 612 2598 suae
642 2551 756 2621 parvae
787 2523 974 2597 videntur:
1000 2524 1105 2597 multi

127 2652 228 2718 “eas
258 2644 398 2743 gravius
426 2671 529 2742 aequo
562 2647 723 2719 habuere.
774 2647 842 2717 Sed
864 2644 940 2717 aliis
968 2645 1035 2717 alia
1067 2644 1108 2716 li-

129 2770 155 2808 “
173 2765 298 2856 centia,
328 2768 453 2839 Patresv
476 2764 668 2864 conscripti.
718 2765 792 2864 Qi
814 2765 947 2838 demiffi
981 2763 1019 2836 in
1043 2767 1108 2840 ob-

129 2893 155 2930 “
172 2885 269 2960 scuro
287 2887 397 2960 vitam
415 2889 557 2976 habent,
577 2891 599 2960 fi
619 2885 705 2984 quid
723 2883 902 2958 iracundia
917 2885 1109 2984 deliquere,

129 3015 156 3051 “
175 3007 279 3107 pauci
296 3005 432 3094 sciunt3
459 3006 554 3080 fama
581 3027 685 3104 atque
712 3006 850 3079 fortuna
879 3032 976 3104 pares
1001 3007 1106 3083 sunt:

128 3129 235 3227 “qui
253 3155 387 3227 magno
414 3128 563 3227 imperio
591 3129 728 3226 praediti
758 3129 794 3202 in
811 3130 947 3204 excelso
971 3150 1109 3203 atatem

130 3257 153 3292 “
171 3269 299 3348 agunt,
333 3275 454 3322 eorum
494 3247 584 3322 fada
623 3250 747 3323 cuneti-
771 3252 932 3324 mortales
965 3231 1108 3322 novere.

131 3377 154 3413 “
171 3375 224 3444 Ita
256 3371 293 3444 in
315 3397 483 3444 maxuma
508 3369 648 3444 fortuna
676 3371 833 3445 minuma
869 3367 1008 3445 licentia
1046 3367 1108 3441 est.

134 3494 303 3590 “Neque
321 3493 478 3584 studere,x
491 3517 605 3588 neque
618 3491 741 3582 odisse,
761 3489 819 3565 sed
837 3493 994 3566 minume
1010 3487 1108 3562 irasci

135 3617 156 3652 “
174 3614 284 3686 decet.
317 3616 429 3718 'Qae
458 3613 562 3710 apud‘
581 3611 666 3686 alios
694 3612 874 3686 iracundia
902 3609 1044 3701 dicitur,
1071 3611 1109 3684 in

134 3731 323 3831 “imperio
351 3731 509 3834 superbia
552 3752 657 3831 atque
694 3731 877 3808 crudelitas
902 3732 1107 3830 adpellatur.
