2662 4686
370 353 713 448 Jooonrnn.
1011 329 1126 434 mr!

93 522 217 625 postea
243 531 323 622 quae
350 521 483 615 fecerit,
510 524 683 600 incertum
707 527 834 618 habeo,
859 529 986 625 pudeat
1003 556 1078 608 ma-

95 641 162 744 gis,
189 669 237 718 an
263 643 382 742 pigeat
406 645 575 722 disserere.
694 691 701 702 ·

145 767 277 841 XCVI.
304 769 446 844 Iorrun
472 767 580 860 Sulla,
611 789 651 844 ut
679 769 780 867 supra
804 770 953 863 diorum,
984 773 1078 870 post-

94 914 205 986 quam
229 887 267 960 in
293 885 451 962 Africam
464 889 568 987 atque
585 889 622 966 in
640 891 749 964 castra
765 891 871 966 Marii
884 918 967 966 cum
980 892 1079 990 equi·

93 1028 170 1083 tatu
194 1007 307 1099 vehit,
334 1007 428 1082 rudis
456 1029 557 1083 antea
593 1015 626 1084 δι
660 1010 806 1110 ignarus
828 1012 925 1102 belli,
945 1012 1078 1086 'soller-

95 1129 255 1204 tiffumus
272 1129 435 1202 omnium
463 1130 501 1206 in
529 1131 648 1232 paucis
681 1133 942 1230 tempestatibus
968 1133 1079 1208 faetus

93 1249 153 1323 est.
207 1251 269 1327 Ad
303 1251 372 1328 hoc
399 1249 525 1324 milites
554 1251 712 1351 benigne
734 1253 931 1352 adpellare;
958 1255 1078 1330 multis

93 1371 316 1477 rogantibus,
335 1369 409 1444 aliis
425 1396 487 1468 per
503 1371 536 1449 se
553 1371 622 1470 ipse
638 1374 721 1448 dare
737 1375 917 1466 beneficia,
945 1377 1078 1450 invitus

95 1490 275 1589 accipere:
306 1490 366 1565 sed
381 1517 422 1565 ea
439 1493 693 1591 properantius,
725 1521 832 1593 quam
850 1523 895 1570 aes
911 1517 1078 1572 mutuum
1129 1551 1131 1556 -

95 1613 265 1700 reddere3
301 1610 372 1710 ipso
388 1614 432 1686 ab
450 1614 549 1686 nullo
566 1635 741 1711 repetere:
759 1615 887 1714 'magis
916 1617 953 1689 id
978 1620 1077 1691 labo-

93 1757 180 1822 rare,
198 1751 238 1806 ut
261 1731 313 1806 illi
343 1733 618 1830 quamplurimi
648 1737 839 1809 deberent:
862 1734 945 1834 joca
971 1757 1077 1836 atque

93 1851 177 1926 seria
193 1880 276 1938 cum
293 1853 511 1928 humillumis
528 1881 654 1954 agere:
689 1855 725 1930 in
743 1855 921 1954 operibus,
948 1856 986 1929 in
1014 1885 1075 1956 ag-

93 1973 188 2048 mine
212 1996 319 2076 atque-
347 1975 548 2074 ad·vigilias
565 1977 695 2049 multus
712 1976 849 2048 adeffe:
877 2003 993 2074 neque
1022 1977 1076 2050 in-

92 2095 212 2184 terim,
231 2096 326 2196 quod
343 2123 452 2196 prava
468 2093 614 2172 ambitio
631 2096 729 2188 solet,
748 2097 920 2188 Consulis,
940 2117 1000 2172 aut
1017 2125 1077 2172 cu·

11 2269 12 2272 ,
85 2213 255 2313 jusquam
272 2217 354 2292 boni
369 2215 498 2295 famam
515 2218 665 2292 laedere:
697 2221 944 2294 tantummodo
962 2245 1077 2317 neque

91 2336 250 2428 consilio,
283 2363 400 2437 neque
428 2365 537 2414 manu
566 2339 717 2438 priorem
746 2340 854 2414 alium
879 2339 976 2436 pati3
1003 2340 1077 2438 ple·

92 2455 444 2557 mmmmmmme
500 2457 1075 2560 Qmwmmbqummmffia

92 2577 254 2677 tibusque
279 2581 481 2660 cariffumus
506 2581 627 2656 faetus.

141 2701 294 2774 XCVII.
313 2706 373 2776 Ar
388 2704 577 2801 Jugurtha,
596 2701 781 2800 postquam
794 2701 968 2799 oppidum
982 2701 1076 2797 Cap-

94 2819 165 2896 sam
197 2820 350 2922 aliosque
367 2824 463 2898 locos
483 2821 635 2898 munitos
670 2827 704 2896 ὅτ
738 2821 799 2895 srbi
832 2821 924 2894 utilis
958 2817 1073 2919 fimul,

93 2948 126 3017 8<
144 2970 315 3044 magnam
333 2944 517 3043 pecuniam
534 2941 704 3033 amiserat,
729 2944 774 3015 ad
790 2942 969 3016 Bocchum
986 2967 1076 3014 nun-

93 3063 165 3137 cios
184 3066 306 3156 mittit,
331 3073 359 3110 “
374 3091 482 3163 quam
500 3064 657 3161 primum
679 3063 715 3136 in
734 3051 944 3136 Numidiam
960 3062 1077 3160 copias

24 3191 26 3196 ’
93 3192 120 3226 “
137 3187 330 3259 adduceret
343 3215 354 3272 ;
407 3184 516 3282 praelii
556 3182 709 3260 faciundi
751 3204 891 3281 tempus
926 3185 1077 3258 adeffe.''

51 3313 54 3322 '
93 3309 214 3404 Qrem
240 3307 302 3381 ubi
330 3305 484 3380 contrari
501 3305 648 3403 accepit,
674 3304 826 3378 dubium
857 3305 941 3378 belli
972 3324 1077 3401 atque

93 3427 184 3522 pacis
201 3427 351 3502 rationes
368 3428 502 3500 trahere
520 3455 528 3498 ι
554 3425 666 3498 rursus
683 3424 735 3500 uti
752 3445 866 3515 antea,
885 3449 1090 3522 proxumos·

91 3548 192 3622 donis
222 3547 430 3646 corrumpit,
466 3547 599 3644 ipfique
625 3549 762 3619 Mauro.
778 3544 969 3646 pollicetur
995 3545 1075 3616 Nu-

91 3668 209 3742 midiae
229 3677 363 3765 partem
380 3668 530 3758 tertiam,
565 3670 588 3740 sr
617 3685 676 3740 aut
705 3665 862 3740 Romani
879 3662 998 3738 Africa
1015 3692 1076 3754 ox,-

95 3789 196 3899 pulsr,
216 3809 290 3881 aut,
321 3788 464 3888 integris
492 3785 558 3862 suis
587 3787 1077 3895 finibrrs,bellumcomp0I1„

558 3912 605 3993 M
