2662 4686
270 377 848 454 Fnionanra.L1n.1.
1012 390 1076 461 181

96 554 230 651 pellati,
250 581 321 627 non
338 557 386 628 ob
400 555 524 628 merita
553 553 588 627 in
623 554 894 650 rempublicam,
918 558 1080 633 omnibus
1185 608 1191 619 x

95 673 223 771 pariter
239 675 424 772 corruptis,
452 674 510 748 sed
539 675 591 749 uti
619 672 764 773 quisque
781 675 1079 773 locupletislumus

96 799 129 866 δι
157 794 290 892 injuriae
325 795 498 868 validior:
529 795 610 894 quia
644 793 825 892 praesentia
854 793 1077 889 defendebat,

96 934 159 1012 pro
179 918 276 988 bono
294 916 497 989 ducebatur.
550 919 607 988 Ex
635 941 707 1012 quo
734 934 890 1012 tempore
907 916 1080 1016 majorum

96 1063 209 1110 mores
228 1063 298 1109 non
317 1035 512 1134 paullatim,
540 1056 578 1108 ut
596 1055 708 1126 antea,
724 1033 783 1108 sed
795 1037 954 1110 torrentis
971 1041 1080 1114 modo

95 1156 331 1254 praecipitati:
362 1157 450 1230 adeo
476 1154 646 1254 juventus
675 1158 763 1228 luxu
796 1177 902 1254 atque
935 1159 1078 1236 avaritia

95 1297 260 1374 corrupta
277 1277 340 1368 est,
367 1277 418 1350 uti
436 1276 562 1350 merito
578 1277 726 1366 dicatur,
747 1277 881 1374 genitos
899 1281 979 1370 elle,
1016 1281 1077 1380 qui

94 1423 211 1495 neque
244 1397 307 1494 ipsr
336 1399 463 1470 habere
493 1401 626 1494 pollent
654 1423 706 1470 res
734 1397 931 1490 familiares,
961 1427 1084 1501 neque,

93 1518 178 1591 alios
204 1517 288 1615 pati.
339 1519 485 1614 Agellias
500 1520 540 1590 &
558 1519 648 1615 Augu
675 1521 719 1589 in.

144 1639 256 1738 Igitur
273 1637 422 1711 venditis
451 1637 724 1737 proscriptorum
752 1640 866 1731 bonis,
892 1661 951 1714 aut
969 1642 1071 1716 dilar-

98 1758 189 1858 gitis.
244 1761 397 1856 Agellius.

142 1881 184 1953 ld
210 1881 343 1956 bellum
377 1881 551 1956 excitabat
584 1902 696 1958 metus
724 1879 887 1980 Pompeii
930 1881 1071 1956 vietoris

96 1999 340 2098 Hiempsalem
363 2001 400 2074 in
423 2029 571 2102 regnum
588 2003 801 2077 restituentis.
852 2004 949 2076 Idem.

142 2125 390 2221 Maxumeque
416 2121 542 2197 ferocia
570 2125 660 2224 regis
678 2125 890 2200 Mithridatis
919 2124 956 2198 in
983 2139 1071 2200 tem·
1132 2160 1134 2167 ,

95 2269 183 2340 pore
200 2245 367 2318 bellaturi.
417 2245 618 2319 Donatus&
635 2247 817 2337 Arnstanus.
860 2305 862 2310 .
960 2301 964 2307 -

144 2364 241 2464 Qun
260 2368 401 2440 lenones
420 2371 453 2440 δε
471 2366 594 2440 vinarii
611 2367 778 2465 laniique,
807 2393 962 2466 quorum
983 2395 1071 2467 prae·

95 2503 185 2559 terea
203 2487 333 2585 vulgus
350 2487 387 2560 in
404 2487 477 2562 dies
494 2487 595 2562 usum
611 2490 731 2580 habet,
746 2489 862 2587 precio
878 2491 1070 2589 compositi.

96 2605 243 2698 Caristus.

139 2730 261 2800 Genus
288 2727 391 2802 armis
407 2726 520 2820 ferox,
550 2733 582 2802 δι
612 2727 740 2802 servitii
761 2725 946 2802 insolitum.
981 2729 1070 2802 Aru·

83 2851 202 2938 finnus.
641 2857 649 2874 ‘

138 2973 197 3046 rr.
227 2970 412 3046 mmm
436 2969 606 3046 raptor
631 2969 709 3045 cos.
735 2997 789 3045 AD
821 2997 855 3045 P.
886 2997 921 3044 a.
950 2967 1071 3046 oraro
1167 2919 1169 2924 ⁵

136 3185 138 3189 y
403 3119 565 3168 CONTRA
594 3119 766 3166 suornm.

109 3298 111 3302 ⁸
138 3213 337 3292 Clementia
367 3217 400 3286 bc
430 3215 582 3311 probitas
600 3215 726 3305 vestra,
752 3214 917 3314 Qirites,
944 3217 1071 3314 quibus

95 3357 152 3429 per
168 3333 297 3408 ceteras
316 3334 428 3434 gentis
446 3335 604 3408 maxumi
623 3337 656 3408 br
675 3337 758 3408 clari
774 3335 863 3427 estis,
878 3337 1070 3434 plurimum

93 3453 225 3546 timoris
242 3455 329 3528 mihi
345 3453 492 3544 faciunt,
514 3455 677 3529 advorsus
695 3457 915 3553 tyrannidem
935 3457 1071 3529 L.,Sul-

92 3575 157 3648 lae:
194 3601 238 3650 ne
267 3575 328 3674 ipsr
357 3575 507 3650 nefanda
540 3603 618 3674 quae
651 3577 851 3667 aestumatis,
877 3603 916 3648 ea
946 3602 1071 3673 pamm

94 3697 269 3770 credendo
310 3698 354 3770 de
384 3697 470 3788 aliis,
497 3697 825 3772 'circumveniamini
866 3695 1072 3792 (praesertim

94 3837 173 3924 cum
192 3816 243 3890 illi
261 3817 335 3918 spes
352 3819 466 3894 omnis
493 3819 529 3892 in
558 3819 684 3892 scelere
711 3837 817 3916 atque
842 3817 989 3916 perfidia
1007 3822 1077 3904 srt31

488 4016 491 4024 .
552 3941 637 4035 Ns
877 3960 879 3964 ·
