2664 4692
243 329 308 404 192
480 303 783 377 Sncnusrrr
820 301 973 376 Hrsr.

194 509 197 522 ’
289 477 362 551 Nifi
381 502 463 550 cum
480 477 528 552 ira
544 477 628 553 belli
644 459 858 551 desenuiffet.
888 477 989 569 Prisc.
1016 475 1040 548 l.
1059 501 1096 549 x.

291 599 556 672 Maturaverunt
588 598 780 672 exereitum
812 595 1047 694 Dyrrachium
1079 619 1213 696 cogere.

239 717 413 808 Arrestanus
438 719 567 810 Mrffus.

287 841 353 912 Illo
378 837 565 936 profectus,
596 837 692 912 vicos
718 839 926 936 castellaque
949 837 1148 926 incendere,
1182 840 1214 910 δε

237 958 322 1058 fuga
346 960 518 1032 cultorum
542 958 769 1058 deserta'igni
794 959 945 1032 vastare:
976 983 1091 1056 neque
1112 959 1214 1048 elam,

237 1100 296 1154 aut
312 1077 431 1153 securo
448 1081 515 1152 effe
532 1079 664 1169 animo,
682 1100 779 1152 metu
798 1079 909 1178 gentis
937 1080 982 1152 ad
1014 1077 1107 1150 furta
1134 1078 1215 1152 belli

240 1200 453 1300 peridoneae.
504 1199 586 1271 Non.
607 1201 701 1296 Srrv.
719 1203 763 1272 ad
776 1225 830 1272 xr.
863 1201 996 1272 AEneid.

286 1319 424 1394 Liberis
443 1320 514 1420 ejus
537 1323 729 1395 avunculus
750 1341 833 1394 erat.
883 1325 1025 1392 Donatus
1053 1321 1097 1391 ad
1116 1319 1216 1392 Phor-

239 1447 368 1514 mionem
386 1443 537 1516 Terentii.

287 1563 391 1637 Nihil
423 1567 471 1639 ob
503 1584 632 1638 tantam
664 1563 862 1638 mercedem
905 1561 966 1638 fibi
1003 1561 1212 1636 abnuituros.

241 1685 415 1778 Arufianus
440 1687 569 1779 Meffus.

289 1806 451 1893 Insanum
468 1807 563 1878 aliter
580 1804 640 1878 sua
655 1805 832 1896 sententia,
850 1823 957 1903 atque
973 1803 1118 1882 aliarum
1139 1832 1216 1878 mu·
1317 1819 1318 1822 ’

240 1926 377 2002 lierum.
429 1928 530 2020 θανῇ.
548 1929 571 2000 l.
592 1955 619 2000 1.
636 1930 734 1999 aliter
742 1948 801 2024 pro
816 1931 910 2000 alias.

290 2053 428 2122 Recens
450 2048 577 2147 scripsr.
627 2049 747 2122 Darat.
776 2049 905 2124 Phorm.
924 2054 971 2122 A.
989 2075 1025 2124 v.
1050 2048 1107 2120 Sc.
1125 2073 1217 2122 v111.
1317 2069 1318 2074 ’

242 2169 367 2242 Charis.
392 2197 439 2242 ιι.

288 2289 378 2363 Solis
393 2289 479 2380 viis„
519 2291 666 2363 Donalus
680 2291 806 2363 Phorm.
824 2293 870 2364 A.
885 2317 920 2364 v.
937 2292 991 2364 Sc.
1004 2315 1097 2364 v111.

288 2411 388 2506 Jussu
407 2410 545 2484 Metelli
570 2411 764 2486 cornicines
782 2431 1026 2485 occanuerunt.
1079 2413 1143 2484 Pri
1154 2415 1218 2482 ria·

237 2557 295 2604 nus
311 2533 334 2604 l.
354 2557 390 2604 x.
408 2533 540 2604 Servius
558 2559 604 2610 11.
624 2533 734 2629 Georg.
755 2532 843 2628 Virg.
863 2533 971 2604 Dium.
989 2533 1012 2604 l.
1029 2561 1056 2606 1.
1073 2560 1155 2631 cap.
1166 2559 1215 2607 ιν.

287 2651 424 2726 Nexuit
442 2673 571 2764 catenae
599 2654 718 2728 modu.
770 2653 855 2746 Pris.
877 2655 900 2724 l.
915 2680 950 2725 x.
1197 2639 1198 2642 Ἴ

285 2775 421 2848 Βοὲὶιιε
438 2773 608 2868 militiam.
657 2773 803 2865 Arustan.
821 2773 951 2866 Meffus.

286 2896 417 2990 Neque
433 2893 466 2968 se
485 2894 652 2992 recipere,
678 2913 737 2966 aut
748 2893 910 2968 instruere
923 2894 1047 2991 praelio
1064 2893 1217 2992 quivere.

238 3011 342 3102 Prisc.
368 3014 428 3087 lib.
452 3041 489 3086 x.

290 3132 385 3230 Equi
412 3137 481 3207 fine
508 3137 638 3221 reciore
669 3134 837 3226 exterriti,
868 3155 929 3209 aut
939 3130 1046 3210 'saucii
1068 3137 1216 3210 conster·
1317 3201 1318 3206 ,

238 3273 375 3328 uantur.
424 3255 513 3326 Idem
527 3256 551 3326 l.
572 3281 625 3328 ιν.
1196 3256 1200 3260 ’

286 3373 555 3474 occupatusque
572 3376 669 3450 collis
686 3377 901 3452 editiffumus
923 3380 1016 3477 apud
1035 3379 1221 3452 Hilerdam

239 3501 372 3572 &curn
391 3498 501 3570 multa
517 3523 623 3594 opera
639 3497 862 3572 circumdata.
913 3501 1095 3595 Priscianus
1117 3501 1140 3571 l.
1159 3525 1196 3572 v.
1317 3479 1318 3484 Ἰ

289 3621 339 3695 At
356 3616 439 3691 inde
456 3620 551 3692 nulla
564 3617 780 3711 munitionis,
796 3639 853 3695 aut
871 3619 990 3720 requie
1007 3607 1119 3712 mori,
1139 3645 1217 3724 pro·
1317 3643 1318 3688 3
