2672 4682
427 295 771 402 Jueunrnn.
1057 327 1100 410 ῃ

103 487 133 529 “
150 481 264 558 nibus
293 482 396 556 malis
426 484 659 576 excruciatus,
695 482 882 584 impietatis
910 485 947 558 in
980 501 1102 585 paren·

104 612 233 679 “tem
265 603 440 696 nostrum,
478 605 590 679 fratris
620 605 690 680 mei
729 605 837 696 necis,
872 623 1102 705 mearumque

104 735 134 769 ¹‘
153 725 375 800 miseriarum
392 726 509 825 gravis
527 753 649 824 poenas
665 728 798 801 reddet.
849 729 931 822 Jam
941 724 1017 823 jam
1034 725 1100 800 fra·

106 853 135 890 “
152 867 223 937 ter,
251 846 373 920 animo
403 873 483 920 meo
509 847 701 938 cariliurm,
727 873 945 946 quamquam
974 846 1100 920 imma-

104 973 133 1009 “
148 987 253 1059 tur0,
281 972 315 1041 δι
342 968 438 1042 unde
456 967 614 1041 minume
638 967 770 1060 decuit,
794 968 866 1043 vita
890 987 1008 1066 erepta
1025 968 1097 1042 esta

105 1097 134 1132 “
151 1110 280 1165 tamen
297 1090 489 1163 laetandum
506 1089 633 1187 magis,
660 1116 768 1188 quam
785 1091 981 1192 dolendum
1011 1109 1100 1186 puto

103 1208 276 1284 “casum
301 1230 415 1285 tuum.
466 1211 554 1282 Non
570 1210 665 1282 enim
687 1235 852 1310 regnum,
878 1209 937 1284 sed
959 1209 1098 1310 sugam,

104 1337 133 1373 “
152 1329 333 1421 exsilium,
365 1329 555 1429 egestatem
572 1335 606 1404 ὅτ
625 1331 741 1405 omnis
757 1334 832 1424 has,
847 1358 927 1430 quae
945 1357 1003 1405 me
1021 1357 1098 1428 pre-

105 1459 136 1494 “
158 1471 275 1542 munt,
302 1476 475 1524 aemmnas
492 1476 574 1526 eum
603 1453 722 1526 anima
740 1454 840 1526 simul
857 1451 1007 1526 amisisti.
1048 1459 1099 1527 At

105 1577 137 1616 “
155 1595 223 1672 ego
240 1571 380 1663 inselirr,
405 1572 554 1647 intanta
578 1575 670 1646 mala
699 1574 932 1672 praeeipitatus
960 1601 1005 1648 ex
1035 1601 1097 1673 pa·

106 1701 135 1736 “
154 1695 224 1768 trio
237 1721 362 1794 regno,
376 1698 739 1770 rerumvhumanarum
752 1694 988 1792 speetaculum
1007 1721 1096 1793 prae·

106 1822 136 1858 “
157 1817 254 1888 beo:
283 1816 431 1890 incertus
454 1800 541 1914 quid
560 1842 678 1914 agam,
704 1815 822 1890 tuasne
850 1813 992 1914 injurias
1016 1839 1096 1914 per·
1191 1801 1193 1809 ¹

107 1943 139 1979 “
156 1935 296 2035 sequar,
326 1936 394 2035 ipse
410 1937 531 2011 auxilii
549 1963 680 2035 egens;
706 1963 750 2010 an
772 1961 885 2036 regno
902 1934 1095 2025 consulam,

106 2065 136 2101 “
157 2056 260 2154 cujus
288 2057 368 2132 vitae
393 2057 557 2156 necisque
579 2058 729 2156 potestas
752 2083 797 2132 ex
822 2056 949 2156 opibus
976 2055 1097 2131 alienis

108 2185 139 2222 “
162 2179 302 2274 pendet.
352 2179 502 2254 Utinam
518 2178 630 2254 emori
656 2177 801 2254 fortunis
820 2177 905 2252 meis
928 2177 1095 2252 honestus

107 2299 272 2374 “exitus
300 2303 395 2393 esset,
423 2301 639 2398 neuxvivere
665 2320 864 2374 contemtus
893 2298 1043 2393 viderer,
1072 2301 1095 2372 sr

107 2426 138 2464 “
155 2420 304 2498 defessus
322 2422 422 2512 malis
439 2419 572 2522 injuriae
602 2424 845 2496 concessissem.
896 2421 1004 2495 Nunc
1032 2447 1094 2494 ne-

106 2549 135 2586 “
155 2571 224 2642 que
245 2543 367 2617 vivere
395 2541 506 2642 lubet,
531 2569 646 2641 neque
671 2542 762 2616 mori
781 2542 864 2616 licet
892 2544 961 2614 fine
986 2540 1094 2614 dede·

106 2671 134 2708 “
153 2691 246 2739 core.
296 2667 416 2738 Patres
439 2662 637 2762 conscripti,-
661 2689 722 2761 per
742 2687 806 2735 vos
834 2661 961 2734 liberos
989 2681 1095 2757 atque

108 2791 136 2827 “
156 2807 329 2883 parentes,
360 2811 421 2889 per
441 2782 655 2882 majestatem
684 2781 807 2880 populi
837 2785 885 2856 R.
914 2778 1096 2876 subvenite

107 2912 135 2948 “
152 2904 279 2988 misero
303 2907 392 2982 mihi
409 2937 417 2980 :
446 2907 494 2979 ite
511 2903 656 2980 obviam
672 2889 818 3000 ‘injuriae
835 2930 844 2974 ε
872 2900 980 2975 nolite
1008 2901 1094 3000 pati,

107 3035 134 3070 “
152 3055 307 3127 regnum
319 3027 519 3117 Numidia,
542 3026 639 3126 quod
655 3025 811 3098 vestrum
829 3022 890 3114 est,
909 3047 973 3120 per
986 3021 1097 3098 scelus

106 3155 133 3192 “
151 3154 185 3224 &
204 3148 410 3250 sanguinem
427 3147 568 3222 familiae
585 3145 708 3220 nostrae
725 3141 906 3218 tabescere.

151 3273 237 3345 XV.
263 3273 486 3356 PoarQrAM
506 3295 567 3344 rex
594 3270 704 3341 finem
733 3265 902 3365 loquendi
920 3265 1016 3355 fecit,
1044 3264 1093 3336 le·

107 3391 174 3488 gati
194 3393 383 3489 Jugurthae
401 3389 582 3488 largitione
598 3388 726 3488 magis,
753 3414 860 3485 quarn
874 3377 993 3460 caulla'
1003 3382 1094 3474 freti,

107 3511 224 3604 paucis
252 3508 488 3608 respondent:
528 3517 556 3553 “
584 3507 830 3606 Hiempsalem
856 3511 905 3581 ob
930 3502 1096 3578 saevitiam
1177 3493 1187 3516 ⁸

108 3635 136 3671 “
154 3630 252 3705 suam
287 3634 334 3706 ab
362 3629 531 3704 Numidis
564 3629 812 3704 intersedum:
853 3625 1095 3702 Adherbalem
1185 3687 1191 3708 .

106 3753 246 3828 “ultro
278 3752 413 3828 bellum
440 3749 661 3864 inferentem,
703 3750 887 3847 postquam
916 3745 1096 3846 superatus
