2662 4686
263 373 331 442 144
475 302 1084 420 C.Cn1sntSn1ln''ss1t

291 521 501 596 LXXXIV.
526 525 586 595 Ατ
616 519 764 611 Marius,
783 539 823 594 ut
848 519 950 618 supra
976 515 1145 610 discimus,
1170 541 1236 595 cua

255 640 475 740 pientiffuma
493 643 596 738 plebe
611 640 742 715 Consul
759 639 882 732 factus,
901 641 1087 740 postquam
1101 641 1132 714 ei
1151 667 1236 738 pro*

254 753 631 837 vinciainNumidiam
648 764 800 860 populus
811 759 920 860 juffit,
952 781 1052 834 antea
1073 758 1145 858 jam
1180 763 1235 834 in·

254 881 359 956 festus
375 880 563 973 nobilitati,
582 902 658 956 tum
678 908 763 956 vero
780 883 910 956 multus
927 901 1032 978 atque
1056 879 1156 954 ferox
1180 883 1235 955 in-

251 999 362 1078 stare:
405 1003 554 1100 singulos
578 1004 700 1094 modo,
730 1003 839 1076 modo
874 999 1051 1076 univosos
1080 1003 1233 1078 laedere:
1268 1035 1270 1042 ·

253 1123 424 1212 dictitare,
463 1130 490 1165 “
508 1121 574 1196 sese
590 1121 805 1198 consulatum
832 1149 877 1196 ex
906 1121 1004 1197 victis
1033 1121 1100 1194 illis
1125 1123 1237 1221 spolia

257 1251 284 1286 “
303 1242 473 1340 cepiffe:’'
500 1244 566 1316 alia
582 1263 745 1341 praeterea
763 1242 950 1342 magnifica
967 1268 1032 1340 pro
1050 1241 1096 1335 se,
1116 1250 1150 1319 δι
1168 1245 1237 1319 illis

252 1362 418 1438 dolentia.
469 1363 626 1454 Interim,
651 1387 729 1462 quae
747 1365 840 1438 bello
868 1390 956 1461 opus
984 1379 1094 1456 erant,
1121 1365 1234 1462 prima

253 1485 404 1558 habere:
433 1484 604 1581 postulare
619 1484 816 1583 legionibus
834 1483 1128 1582 supplementum,
1144 1503 1233 1560 aux·

140 1622 143 1630 ’
253 1605 313 1680 ilia
336 1632 356 1680 a
374 1606 563 1702 populis&
582 1605 721 1704 regibus
737 1604 902 1704 sociisque
929 1609 1115 1680 arcessere:
1145 1633 1234 1704 prae-

252 1749 346 1802 terea
375 1752 420 1802 ex
447 1727 553 1802 Latio
582 1725 800 1802 foniffimum
826 1751 1018 1824 quemque,
1052 1725 1236 1824 plerosque

254 1847 401 1939 militiae,
421 1857 551 1945 paucos
563 1847 657 1922 fama
675 1847 834 1948 cognitos
847 1848 970 1938 accire,
995 1848 1235 1922 &ambiendo

250 1962 378 2068 ¹cogere
396 1969 554 2042 homines
583 1960 733 2044 enieritis
761 1969 939 2068 stipendiis
965 1967 1097 2066 [secum
1124 1973 1235 2064 proli-

253 2089 366 2187 cisci.]
416 2092 546 2187 Neque
572 2091 622 2162 illi
650 2090 797 2181 senatos,
827 2095 1043 2188 quamq'uam
1069 2088 1236 2166 adversus

250 2230 336 2302 erat,
365 2211 411 2284 de
438 2211 512 2312 ullo
536 2211 682 2308 negotio
708 2213 861 2284 abnuere
882 2212 1053 2297 audebat;
1078 2229 1235 2284 ceterum
1327 2271 1328 2294 ,

252 2331 533 2430 supplementum
550 2331 654 2406 etiam
684 2333 782 2406 laetus
811 2331 1037 2404 decreverat:
1066 2331 1150 2429 quia
1172 2359 1233 2406 ne-

250 2478 322 2552 que
349 2453 445 2550 plebi
473 2452 594 2530 militia
626 2451 759 2526 volenti
791 2453 990 2551 putabatur,
1026 2455 1060 2526 &
1095 2453 1232 2526 Marius

250 2593 309 2648 aut
340 2573 424 2648 belli
447 2573 563 2665 usum,
587 2594 646 2648 aut
668 2573 780 2648 stu'dia
803 2572 900 2672 volgi
922 2571 1113 2646 amillnms.
1164 2575 1232 2646 Sed

249 2721 290 2770 ea
305 2720 357 2768 res
372 2693 497 2770 frustra
508 2695 640 2794 sperata
651 2715 746 2770 tanta
761 2694 882 2768 lubido
896 2720 979 2768 curn
991 2692 1109 2766 Mario
1126 2691 1231 2766 eundi

251 2816 433 2915 plerosque
449 2816 626 2892 invaserat.
683 2815 758 2891 Sese
775 2812 922 2913 quisque
938 2815 1056 2912 praeda
1072 2815 1229 2911 locuple
1327 2907 1328 2918 ἵ

250 2959 339 3028 tem,
370 2937 541 3014 victorem
570 2941 719 3012 domum
747 2937 956 3028 rediturum,
984 2935 1052 3010 alia
1075 2933 1231 3035 hujusce·
1327 2919 1328 2946 ¹

2 3061 8 3145 ξ
111 3119 119 3128 ,
172 3062 182 3108 -’
250 3057 350 3130 modi
371 3058 497 3132 animis
524 3060 719 3134 trahebant.
782 3061 829 3130 Et
870 3083 927 3130 eos
967 3083 1040 3130 non
1069 3055 1230 3153 paullum

232 3177 407 3270 ,oratione
429 3176 489 3251 sua
509 3179 647 3252 Marius
674 3198 855 3252 arrexerat.
905 3181 1005 3252 Nam
1031 3176 1230 3275 postquam,
1327 3217 1328 3224 κ

249 3297 428 3388 omnibus,
457 3325 534 3397 quae
552 3298 796 3396 postulaverat,
815 3298 977 3389 decretis,
998 3297 1123 3371 milites
1149 3293 1232 3368 scri-

249 3422 332 3494 bere
353 3421 443 3510 volt,
471 3420 635 3519 hortandi
659 3421 772 3494 caussa
796 3421 910 3512 simul,
932 3424 966 3492 δι
995 3417 1229 3507 nobilitatem,

248 3541 300 3614 uti
344 3539 581 3633 consueverat,
615 3540 829 3640 exagitandi,
869 3540 1075 3614 concionem
1108 3536 1233 3638 populi

251 3663 448 3738 advocavit.
463 3685 467 3694 ’
498 3661 638 3740 Deinde
656 3664 726 3737 hoc
744 3663 853 3738 modo
869 3660 1033 3735 differuit.
1142 3643 1143 3648 ¹
