2672 4682
221 311 279 400 μ’
433 285 475 364 (ἲ,
504 283 689 358 Currat
728 278 1024 351 sintnsm

220 491 273 548 rat
316 463 512 550 Adherbal,
539 477 654 530 tamen
678 455 737 524 etfi
767 454 925 526 Romam
942 450 1077 549 legatos
1099 450 1209 524 mise-t

219 611 285 682 rat,
308 588 370 688 qui
387 591 549 660 Senatum
566 576 733 648 docerent
750 573 796 646 de
813 571 911 646 caede
926 569 1040 646 fratris
1066 570 1204 673 &sor-

217 712 311 788 tunis
327 708 416 793 suis;
452 722 567 774 tamen
583 693 689 768 fretus
706 692 930 768 multitudine
947 691 1113 784 militum,
1133 719 1201 791 pa.

218 836 316 910 rabat
333 826 435 904 armis
453 817 678 894 contendero·
722 815 790 888 Sed
812 812 874 890 ubi
892 839 944 886 res
961 814 1006 887 ad
1020 835 1204 890 certamen

218 955 327 1042 venit,
344 949 448 1022 vidus
467 965 511 1012 ex
529 935 649 1036 praelio
666 934 823 1034 profugit
840 935 876 1008 in
893 935 1126 1033 provinciam,
1157 959 1203 1014 ac

217 1074 343 1151 deinde
367 1070 521 1138 Romam
551 1051 741 1134 contendit.
793 1058 890 1132 Tum
915 1057 1102 1158 Jugurtha,
1134 1083 1209 1154 pa,.

193 1169 311 1272 ¹tratis
333 1181 493 1270 confiliis,
519 1178 556 1252 in
584 1179 656 1252 otio
683 1176 815 1254 facinus
844 1175 944 1252 suum
974 1204 1057 1254 cum
1074 1177 1199 1254 animo

216 1331 386 1413 reputans,
417 1301 541 1376 timere
560 1302 733 1399 populum
752 1305 972 1390 Romanurn,
999 1301 1198 1398 nequead.

213 1428 329 1510 vorsus
357 1425 445 1499 iram
463 1421 534 1520 ejus
551 1421 713 1522 usquam,
741 1422 802 1498 nifi
819 1423 856 1498 in
874 1421 1014 1498 avaritia
1031 1420 1201 1498 nobilita..

211 1556 305 1630 tis&
323 1544 470 1645 pecunia
489 1541 559 1634 sua,
578 1541 675 1642 spem
694 1547 832 1620 habere.
846 1547 969 1642 Itaque
988 1543 1105 1642 paucis
1122 1543 1200 1618 die·

104 1705 109 1712 ·
212 1680 275 1750 bus
300 1691 485 1743 cumauro
514 1669 548 1738 δι
577 1685 722 1764 argento
749 1668 862 1740 multo
887 1671 1045 1740 Romam
1071 1665 1194 1757 mittit,

210 1791 285 1895 quis
307 1785 485 1886 praecepit,
514 1785 565 1858 uti
599 1786 756 1884 primum
770 1807 904 1862 veteres
921 1786 1052 1866 amicos
1066 1813 1191 1862 mune·

103 1971 107 1980 .
209 1917 302 1992 ribus
319 1909 507 2006 expleant:
539 1907 666 1982 deinde
695 1933 806 2016 novos
821 1909 1030 2007 adquirant:
1063 1907 1194 2006 postre-

208 2063 268 2114 nro
285 2055 519 2130 quacumque
537 2033 662 2127 poffint
678 2031 865 2130 largiundo
878 2057 1010 2128 parare,
1030 2056 1074 2105 ne
1086 2056 1194 2106 cunc·

206 2177 334 2231 tentur.
380 2153 452 2224 ¹ssed
475 2150 538 2225 ubi
568 2154 724 2224 Romam
757 2149 864 2248 legati
891 2175 1033 2240 venere,
1065 2157 1115 2242 dr,
1130 2179 1132 2186 ’
1147 2176 1194 2226 ex

206 2293 382 2377 praecepto
411 2271 516 2370 regis,
552 2269 744 2367 hospitibus
775 2269 931 2368 aliisque,
963 2295 1117 2366 quorum
1151 2253 1194 2348 ea

146 2389 159 2450 ἶ
205 2394 404 2491 tempestate
445 2391 626 2478 auctoritas
663 2394 832 2488 pollebat,
871 2417 1002 2490 magna
1046 2387 1195 2480 misere;

204 2535 300 2590 tanta
318 2513 550 2587 commutatio
572 2514 716 2604 inccffit,
739 2513 792 2588 uti
810 2539 856 2587 ex
872 2538 1043 2590 maxuma
1058 2509 1192 2586 invidia

203 2635 409 2736 ingratiam
437 2641 469 2709 dc
502 2633 662 2708 savorem
680 2634 871 2711 nobilitatis
887 2635 1065 2732 Jugurtha
1092 2634 1190 2713 veni·

203 2776 265 2832 ret.
279 2763 281 2766 ’
294 2761 460 2856 Qrorum
477 2783 554 2854 pars
570 2755 642 2855 spe,
660 2756 719 2831 alii
741 2756 889 2855 praemio
905 2755 1054 2846 indusii,
1073 2759 1190 2856 fingu-¹

202 2880 256 2951 los
274 2903 318 2950 ex
336 2880 465 2952 Senatu
491 2879 700 2970 ambiundo,
730 2880 943 2970 nitebantur,
971 2904 1016 2952 ne
1052 2860 1191 2977 gravius

202 2998 242 3071 in
259 3023 342 3072 eum
360 2997 605 3074 consuleretur.
661 3001 786 3100 Igitur,
806 3001 912 3101 legati
929 3000 992 3074 ubi
1008 2998 1085 3074 satis
1104 3025 1190 3075 con·.
1280 2999 1283 3006 ’

202 3120 332 3209 fidunt,
371 3118 429 3190 die
462 3121 663 3211 constituto,
709 3125 852 3195 Senatus
887 3120 1042 3219 utrisque
1075 3121 1190 3202 datur,

203 3241 303 3315 Turn
322 3240 562 3314 Adherbalem
579 3242 649 3326 hoc
663 3242 774 3315 modo
792 3243 952 3318 locutum
976 3241 1192 3339 accepimus.

264 3349 363 3437 XIV.
408 3367 436 3402 “
451 3363 607 3435 Patras
647 3359 841 3460 conscripti.
902 3360 1055 3459 Micipsa
1093 3381 1193 3458 pater
1295 3377 1298 3386 '

204 3489 232 3530 “
250 3508 349 3558 meus
374 3481 524 3564 moriens
550 3481 727 3579 praecepit,
755 3482 808 3556 uti
833 3509 985 3582 regnum
1006 3481 1191 3556 Numidiae

205 3610 233 3650 “
250 3604 499 3678 tanmmmodo
516 3602 760 3701 procuratione
778 3602 1025 3678 existumarem
1042 3626 1194 3688 meum3

205 3730 233 3779 “
250 3742 403 3826 ceterum
423 3723 482 3831 jus
510 3721 755 3826 &imperium
772 3750 876 3828 penes
889 3749 952 3800 vos
966 3725 1055 3807 else:
1086 3725 1187 3818 fimus
