<?xml version="1.0" encoding="UTF-8"?>
<!DOCTYPE html PUBLIC "-//W3C//DTD XHTML 1.0 Transitional//EN"
    "http://www.w3.org/TR/xhtml1/DTD/xhtml1-transitional.dtd">
<html xmlns="http://www.w3.org/1999/xhtml" xml:lang="en" lang="en">
 <head>
  <title>
</title>
<meta http-equiv="Content-Type" content="text/html;charset=utf-8" />
  <meta name='ocr-system' content='tesseract 3.04.00' />
  <meta name='ocr-capabilities' content='ocr_page ocr_carea ocr_par ocr_line ocrx_word'/>
</head>
<body>
  <div class='ocr_page' id='page_1' title='image "./caiicrispisallu00sallgoog_0112.png"; bbox 0 0 2662 4686; ppageno 0'>
   <div class='ocr_carea' id='block_1_1' title="bbox 219 326 1045 428">
    <p class='ocr_par' dir='ltr' id='par_1_1' title="bbox 219 326 1045 428">
     <span class='ocr_line' id='line_1_1' title="bbox 219 326 1045 428; baseline -0.018 -18"><span class='ocrx_word' id='word_1_1' title='bbox 219 359 288 428; x_wconf 89' lang='lat' dir='ltr'>ro4</span> <span class='ocrx_word' id='word_1_2' title='bbox 392 326 1045 404; x_wconf 51' lang='lat' dir='ltr'>1C.Carsr&gt;15aaausr1r</span> 
     </span>
    </p>
   </div>
   <div class='ocr_carea' id='block_1_2' title="bbox 213 493 1229 845">
    <p class='ocr_par' dir='ltr' id='par_1_2' title="bbox 213 493 1229 845">
     <span class='ocr_line' id='line_1_2' title="bbox 213 493 1229 598; baseline -0.013 -18"><span class='ocrx_word' id='word_1_3' title='bbox 213 503 278 580; x_wconf 89' lang='lat' dir='ltr'>tim</span> <span class='ocrx_word' id='word_1_4' title='bbox 294 502 421 584; x_wconf 84' lang='lat' dir='ltr'>conscii</span> <span class='ocrx_word' id='word_1_5' title='bbox 439 503 513 595; x_wconf 86' lang='lat' dir='ltr'>fibi,</span> <span class='ocrx_word' id='word_1_6' title='bbox 538 501 594 578; x_wconf 90' lang='lat' dir='ltr'>alii</span> <span class='ocrx_word' id='word_1_7' title='bbox 624 525 668 574; x_wconf 83' lang='lat' dir='ltr'>ex</span> <span class='ocrx_word' id='word_1_8' title='bbox 699 499 852 598; x_wconf 83' lang='lat' dir='ltr'>partium</span> <span class='ocrx_word' id='word_1_9' title='bbox 880 496 1012 570; x_wconf 89' lang='lat' dir='ltr'>invidia</span> <span class='ocrx_word' id='word_1_10' title='bbox 1040 493 1229 594; x_wconf 76' lang='lat' dir='ltr'>&#39;pericula&#39;</span> 
     </span>
     <span class='ocr_line' id='line_1_3' title="bbox 215 619 1197 724; baseline -0.011 -25"><span class='ocrx_word' id='word_1_11' title='bbox 215 645 422 715; x_wconf 86' lang='lat' dir='ltr'>metuentes,</span> <span class='ocrx_word' id='word_1_12' title='bbox 446 622 614 724; x_wconf 90' lang='lat' dir='ltr'>quoniam</span> <span class='ocrx_word' id='word_1_13' title='bbox 632 641 749 718; x_wconf 89' lang='lat' dir='ltr'>aperte</span> <span class='ocrx_word' id='word_1_14' title='bbox 767 619 915 693; x_wconf 87' lang='lat' dir='ltr'>refistere</span> <span class='ocrx_word' id='word_1_15' title='bbox 932 643 1003 692; x_wconf 91' lang='lat' dir='ltr'>non</span> <span class='ocrx_word' id='word_1_16' title='bbox 1021 635 1197 714; x_wconf 86' lang='lat' dir='ltr'>poterant,</span> 
     </span>
     <span class='ocr_line' id='line_1_4' title="bbox 216 738 1197 845; baseline -0.009 -25"><span class='ocrx_word' id='word_1_17' title='bbox 216 746 302 845; x_wconf 69' lang='lat' dir='ltr'>quin</span> <span class='ocrx_word' id='word_1_18' title='bbox 330 745 391 820; x_wconf 92' lang='lat' dir='ltr'>illa</span> <span class='ocrx_word' id='word_1_19' title='bbox 413 750 446 820; x_wconf 79' lang='lat' dir='ltr'>Sc</span> <span class='ocrx_word' id='word_1_20' title='bbox 465 744 531 818; x_wconf 85' lang='lat' dir='ltr'>alia</span> <span class='ocrx_word' id='word_1_21' title='bbox 548 743 629 816; x_wconf 89' lang='lat' dir='ltr'>talia</span> <span class='ocrx_word' id='word_1_22' title='bbox 647 743 783 840; x_wconf 89' lang='lat' dir='ltr'>placere</span> <span class='ocrx_word' id='word_1_23' title='bbox 812 739 872 814; x_wconf 90' lang='lat' dir='ltr'>fibi</span> <span class='ocrx_word' id='word_1_24' title='bbox 896 738 1108 824; x_wconf 80' lang='lat' dir='ltr'>faterentur3</span> <span class='ocrx_word' id='word_1_25' title='bbox 1136 763 1197 811; x_wconf 92' lang='lat' dir='ltr'>oc·</span> 
     </span>
    </p>
   </div>
   <div class='ocr_carea' id='block_1_3' title="bbox 215 857 1317 965">
    <p class='ocr_par' dir='ltr' id='par_1_3' title="bbox 215 857 1317 965">
     <span class='ocr_line' id='line_1_5' title="bbox 215 857 1317 965; baseline -0.015 -23"><span class='ocrx_word' id='word_1_26' title='bbox 215 869 309 942; x_wconf 88' lang='lat' dir='ltr'>culte</span> <span class='ocrx_word' id='word_1_27' title='bbox 327 893 389 965; x_wconf 92' lang='lat' dir='ltr'>per</span> <span class='ocrx_word' id='word_1_28' title='bbox 407 863 550 953; x_wconf 88' lang='lat' dir='ltr'>amicos,</span> <span class='ocrx_word' id='word_1_29' title='bbox 576 889 616 938; x_wconf 91' lang='lat' dir='ltr'>ac</span> <span class='ocrx_word' id='word_1_30' title='bbox 633 887 799 936; x_wconf 85' lang='lat' dir='ltr'>maxume</span> <span class='ocrx_word' id='word_1_31' title='bbox 818 885 880 959; x_wconf 90' lang='lat' dir='ltr'>per</span> <span class='ocrx_word' id='word_1_32' title='bbox 901 857 1060 934; x_wconf 87' lang='lat' dir='ltr'>homines</span> <span class='ocrx_word' id='word_1_33' title='bbox 1082 858 1199 932; x_wconf 89' lang='lat' dir='ltr'>nomi-</span> <span class='ocrx_word' id='word_1_34' title='bbox 1316 858 1317 862; x_wconf 72' lang='grc'>’</span> 
     </span>
    </p>
   </div>
   <div class='ocr_carea' id='block_1_4' title="bbox 130 980 1291 2052">
    <p class='ocr_par' dir='ltr' id='par_1_4' title="bbox 130 980 1291 2052">
     <span class='ocr_line' id='line_1_6' title="bbox 216 980 1199 1080; baseline -0.009 -19"><span class='ocrx_word' id='word_1_35' title='bbox 216 987 270 1061; x_wconf 91' lang='lat' dir='ltr'>nis</span> <span class='ocrx_word' id='word_1_36' title='bbox 293 986 412 1060; x_wconf 88' lang='lat' dir='ltr'>Latini</span> <span class='ocrx_word' id='word_1_37' title='bbox 439 989 472 1058; x_wconf 78' lang='lat' dir='ltr'>br</span> <span class='ocrx_word' id='word_1_38' title='bbox 499 983 608 1060; x_wconf 84' lang='lat' dir='ltr'>socios</span> <span class='ocrx_word' id='word_1_39' title='bbox 637 983 776 1058; x_wconf 88' lang='lat' dir='ltr'>Italicos</span> <span class='ocrx_word' id='word_1_40' title='bbox 811 980 1063 1080; x_wconf 88' lang='lat' dir='ltr'>impedimenta</span> <span class='ocrx_word' id='word_1_41' title='bbox 1100 1005 1199 1076; x_wconf 91' lang='lat' dir='ltr'>para-</span> 
     </span>
     <span class='ocr_line' id='line_1_7' title="bbox 215 1101 1291 1202; baseline -0.009 -20"><span class='ocrx_word' id='word_1_42' title='bbox 215 1110 310 1182; x_wconf 85' lang='lat' dir='ltr'>bant.</span> <span class='ocrx_word' id='word_1_43' title='bbox 336 1107 403 1180; x_wconf 88' lang='lat' dir='ltr'>Sed</span> <span class='ocrx_word' id='word_1_44' title='bbox 421 1104 775 1202; x_wconf 82' lang='lat' dir='ltr'>plebes,·incredibile</span> <span class='ocrx_word' id='word_1_45' title='bbox 792 1121 989 1178; x_wconf 89' lang='lat' dir='ltr'>memoratu</span> <span class='ocrx_word' id='word_1_46' title='bbox 1006 1101 1069 1191; x_wconf 89' lang='lat' dir='ltr'>est,</span> <span class='ocrx_word' id='word_1_47' title='bbox 1089 1126 1200 1198; x_wconf 87' lang='lat' dir='ltr'>quam</span> <span class='ocrx_word' id='word_1_48' title='bbox 1287 1194 1291 1202; x_wconf 26' lang='grc'><strong><em>1</em></strong></span> 
     </span>
     <span class='ocr_line' id='line_1_8' title="bbox 130 1219 1199 1324; baseline -0.008 -21"><span class='ocrx_word' id='word_1_49' title='bbox 130 1221 136 1228; x_wconf 67' lang='grc'><strong>’</strong></span> <span class='ocrx_word' id='word_1_50' title='bbox 217 1229 348 1302; x_wconf 90' lang='lat' dir='ltr'>intenta</span> <span class='ocrx_word' id='word_1_51' title='bbox 373 1224 489 1316; x_wconf 83' lang='lat' dir='ltr'>fuerit,</span> <span class='ocrx_word' id='word_1_52' title='bbox 520 1247 719 1324; x_wconf 88' lang='lat' dir='ltr'>quantaque</span> <span class='ocrx_word' id='word_1_53' title='bbox 744 1225 779 1298; x_wconf 90' lang='lat' dir='ltr'>vi</span> <span class='ocrx_word' id='word_1_54' title='bbox 804 1223 1023 1322; x_wconf 85' lang='lat' dir='ltr'>rogationem</span> <span class='ocrx_word' id='word_1_55' title='bbox 1049 1219 1199 1319; x_wconf 86' lang='lat' dir='ltr'>jufferit,</span> 
     </span>
     <span class='ocr_line' id='line_1_9' title="bbox 217 1343 1201 1446; baseline -0.006 -24"><span class='ocrx_word' id='word_1_56' title='bbox 217 1347 420 1437; x_wconf 89' lang='lat' dir='ltr'>decreverit,</span> <span class='ocrx_word' id='word_1_57' title='bbox 452 1347 624 1422; x_wconf 88' lang='lat' dir='ltr'>voluerit:</span> <span class='ocrx_word' id='word_1_58' title='bbox 656 1345 768 1446; x_wconf 89' lang='lat' dir='ltr'>magis</span> <span class='ocrx_word' id='word_1_59' title='bbox 796 1345 879 1420; x_wconf 91' lang='lat' dir='ltr'>odio</span> <span class='ocrx_word' id='word_1_60' title='bbox 904 1343 1105 1434; x_wconf 81' lang='lat' dir='ltr'>nobilitatis,</span> <span class='ocrx_word' id='word_1_61' title='bbox 1143 1343 1201 1418; x_wconf 89' lang='lat' dir='ltr'>cui</span> 
     </span>
     <span class='ocr_line' id='line_1_10' title="bbox 218 1464 1200 1566; baseline -0.002 -26"><span class='ocrx_word' id='word_1_62' title='bbox 218 1470 311 1542; x_wconf 86' lang='lat' dir='ltr'>mala</span> <span class='ocrx_word' id='word_1_63' title='bbox 349 1468 408 1542; x_wconf 85' lang='lat' dir='ltr'>illa</span> <span class='ocrx_word' id='word_1_64' title='bbox 448 1471 670 1564; x_wconf 89' lang='lat' dir='ltr'>parabantur,</span> <span class='ocrx_word' id='word_1_65' title='bbox 713 1494 820 1566; x_wconf 91' lang='lat' dir='ltr'>quam</span> <span class='ocrx_word' id='word_1_66' title='bbox 865 1492 947 1541; x_wconf 91' lang='lat' dir='ltr'>cura</span> <span class='ocrx_word' id='word_1_67' title='bbox 986 1464 1200 1562; x_wconf 74' lang='lat' dir='ltr'>reipublicae.</span> 
     </span>
     <span class='ocr_line' id='line_1_11' title="bbox 218 1586 1201 1686; baseline -0.003 -24"><span class='ocrx_word' id='word_1_68' title='bbox 218 1589 335 1662; x_wconf 87' lang='lat' dir='ltr'>Tanta</span> <span class='ocrx_word' id='word_1_69' title='bbox 363 1589 485 1662; x_wconf 89' lang='lat' dir='ltr'>lubido</span> <span class='ocrx_word' id='word_1_70' title='bbox 518 1590 555 1662; x_wconf 92' lang='lat' dir='ltr'>in</span> <span class='ocrx_word' id='word_1_71' title='bbox 587 1589 752 1686; x_wconf 87' lang='lat' dir='ltr'>partibus.</span> <span class='ocrx_word' id='word_1_72' title='bbox 813 1587 924 1686; x_wconf 87' lang='lat' dir='ltr'>Igitur</span> <span class='ocrx_word' id='word_1_73' title='bbox 951 1586 1069 1660; x_wconf 89' lang='lat' dir='ltr'>ceteris</span> <span class='ocrx_word' id='word_1_74' title='bbox 1103 1607 1201 1660; x_wconf 90' lang='lat' dir='ltr'>metu</span> 
     </span>
     <span class='ocr_line' id='line_1_12' title="bbox 219 1705 1199 1809; baseline -0.002 -27"><span class='ocrx_word' id='word_1_75' title='bbox 219 1712 394 1809; x_wconf 81' lang='lat' dir='ltr'>perculsrs,</span> <span class='ocrx_word' id='word_1_76' title='bbox 414 1713 471 1784; x_wconf 90' lang='lat' dir='ltr'>M.</span> <span class='ocrx_word' id='word_1_77' title='bbox 490 1711 652 1800; x_wconf 86' lang='lat' dir='ltr'>Scaurus,</span> <span class='ocrx_word' id='word_1_78' title='bbox 677 1736 785 1808; x_wconf 90' lang='lat' dir='ltr'>quem</span> <span class='ocrx_word' id='word_1_79' title='bbox 810 1711 968 1808; x_wconf 80' lang='lat' dir='ltr'>legatum</span> <span class='ocrx_word' id='word_1_80' title='bbox 991 1706 1111 1780; x_wconf 88' lang='lat' dir='ltr'>Bestiae</span> <span class='ocrx_word' id='word_1_81' title='bbox 1145 1705 1199 1780; x_wconf 90' lang='lat' dir='ltr'>su·</span> 
     </span>
     <span class='ocr_line' id='line_1_13' title="bbox 161 1823 1202 1930; baseline -0.002 -26"><span class='ocrx_word' id='word_1_82' title='bbox 161 1877 163 1882; x_wconf 94' lang='lat'>·</span> <span class='ocrx_word' id='word_1_83' title='bbox 218 1858 281 1930; x_wconf 93' lang='lat' dir='ltr'>pra</span> <span class='ocrx_word' id='word_1_84' title='bbox 308 1831 507 1922; x_wconf 90' lang='lat' dir='ltr'>docuimus,</span> <span class='ocrx_word' id='word_1_85' title='bbox 535 1831 626 1903; x_wconf 92' lang='lat' dir='ltr'>inter</span> <span class='ocrx_word' id='word_1_86' title='bbox 658 1823 813 1904; x_wconf 87' lang='lat' dir='ltr'>laetitiam</span> <span class='ocrx_word' id='word_1_87' title='bbox 843 1829 969 1927; x_wconf 88' lang='lat' dir='ltr'>plebis,</span> <span class='ocrx_word' id='word_1_88' title='bbox 1002 1834 1035 1902; x_wconf 75' lang='grc' dir='ltr'>ὅτ</span> <span class='ocrx_word' id='word_1_89' title='bbox 1061 1826 1202 1902; x_wconf 87' lang='lat' dir='ltr'>suorum</span> 
     </span>
     <span class='ocr_line' id='line_1_14' title="bbox 179 1950 1201 2052; baseline -0.004 -26"><span class='ocrx_word' id='word_1_90' title='bbox 179 2040 181 2050; x_wconf 21' lang='lat' dir='ltr'><em>A</em></span> <span class='ocrx_word' id='word_1_91' title='bbox 218 1951 355 2052; x_wconf 87' lang='lat' dir='ltr'>fugam,</span> <span class='ocrx_word' id='word_1_92' title='bbox 382 1952 519 2049; x_wconf 88' lang='lat' dir='ltr'>trepida</span> <span class='ocrx_word' id='word_1_93' title='bbox 545 1951 745 2026; x_wconf 89' lang='lat' dir='ltr'>etiamtum</span> <span class='ocrx_word' id='word_1_94' title='bbox 763 1950 917 2041; x_wconf 90' lang='lat' dir='ltr'>civitate,</span> <span class='ocrx_word' id='word_1_95' title='bbox 945 1977 1027 2025; x_wconf 89' lang='lat' dir='ltr'>cum</span> <span class='ocrx_word' id='word_1_96' title='bbox 1049 1975 1094 2022; x_wconf 87' lang='lat' dir='ltr'>ex</span> <span class='ocrx_word' id='word_1_97' title='bbox 1115 1952 1201 2023; x_wconf 41' lang='lat' dir='ltr'>Ma*</span> 
     </span>
    </p>
   </div>
   <div class='ocr_carea' id='block_1_5' title="bbox 148 2071 1203 2291">
    <p class='ocr_par' dir='ltr' id='par_1_5' title="bbox 148 2071 1203 2291">
     <span class='ocr_line' id='line_1_15' title="bbox 218 2071 1201 2170; baseline -0.004 -24"><span class='ocrx_word' id='word_1_98' title='bbox 218 2072 315 2146; x_wconf 89' lang='lat' dir='ltr'>milia</span> <span class='ocrx_word' id='word_1_99' title='bbox 331 2071 513 2168; x_wconf 88' lang='lat' dir='ltr'>rogatione</span> <span class='ocrx_word' id='word_1_100' title='bbox 529 2091 595 2145; x_wconf 89' lang='lat' dir='ltr'>tres</span> <span class='ocrx_word' id='word_1_101' title='bbox 618 2076 812 2168; x_wconf 82' lang='lat' dir='ltr'>quaefitores</span> <span class='ocrx_word' id='word_1_102' title='bbox 829 2094 1045 2170; x_wconf 86' lang='lat' dir='ltr'>rogarentur,</span> <span class='ocrx_word' id='word_1_103' title='bbox 1076 2073 1201 2146; x_wconf 60' lang='lat' dir='ltr'>effece-</span> 
     </span>
     <span class='ocr_line' id='line_1_16' title="bbox 148 2189 1203 2291; baseline 0.003 -27"><span class='ocrx_word' id='word_1_104' title='bbox 148 2217 157 2224; x_wconf 92' lang='lat'>·</span> <span class='ocrx_word' id='word_1_105' title='bbox 220 2210 287 2281; x_wconf 91' lang='lat' dir='ltr'>rat,</span> <span class='ocrx_word' id='word_1_106' title='bbox 304 2190 357 2262; x_wconf 92' lang='lat' dir='ltr'>uti</span> <span class='ocrx_word' id='word_1_107' title='bbox 373 2189 445 2286; x_wconf 88' lang='lat' dir='ltr'>ipse</span> <span class='ocrx_word' id='word_1_108' title='bbox 462 2191 498 2264; x_wconf 91' lang='lat' dir='ltr'>in</span> <span class='ocrx_word' id='word_1_109' title='bbox 510 2216 553 2263; x_wconf 92' lang='lat' dir='ltr'>eo</span> <span class='ocrx_word' id='word_1_110' title='bbox 571 2217 717 2263; x_wconf 85' lang='lat' dir='ltr'>numero</span> <span class='ocrx_word' id='word_1_111' title='bbox 735 2211 916 2273; x_wconf 76' lang='lat' dir='ltr'>crearetur,</span> <span class='ocrx_word' id='word_1_112' title='bbox 965 2193 1033 2264; x_wconf 91' lang='lat' dir='ltr'>Sed</span> <span class='ocrx_word' id='word_1_113' title='bbox 1053 2193 1203 2291; x_wconf 82' lang='lat' dir='ltr'>quaestio</span> 
     </span>
    </p>
   </div>
   <div class='ocr_carea' id='block_1_6' title="bbox 110 2310 1201 2412">
    <p class='ocr_par' dir='ltr' id='par_1_6' title="bbox 110 2310 1201 2412">
     <span class='ocr_line' id='line_1_17' title="bbox 110 2310 1201 2412; baseline -0.011 -26"><span class='ocrx_word' id='word_1_114' title='bbox 110 2401 114 2412; x_wconf 33' lang='grc' dir='ltr'>Ι</span> <span class='ocrx_word' id='word_1_115' title='bbox 220 2310 372 2385; x_wconf 89' lang='lat' dir='ltr'>exercita</span> <span class='ocrx_word' id='word_1_116' title='bbox 388 2310 501 2406; x_wconf 87' lang='lat' dir='ltr'>aspere</span> <span class='ocrx_word' id='word_1_117' title='bbox 518 2310 759 2407; x_wconf 82' lang='lat' dir='ltr'>violenterque</span> <span class='ocrx_word' id='word_1_118' title='bbox 787 2336 832 2382; x_wconf 87' lang='lat' dir='ltr'>ex</span> <span class='ocrx_word' id='word_1_119' title='bbox 862 2320 1015 2402; x_wconf 83' lang='lat' dir='ltr'>mmor&#39;e,</span> <span class='ocrx_word' id='word_1_120' title='bbox 1047 2319 1080 2390; x_wconf 86' lang='lat'>&amp;</span> <span class='ocrx_word' id='word_1_121' title='bbox 1109 2316 1201 2389; x_wconf 76' lang='lat' dir='ltr'>lubi.</span> 
     </span>
    </p>
   </div>
   <div class='ocr_carea' id='block_1_7' title="bbox 99 2428 1278 3858">
    <p class='ocr_par' dir='ltr' id='par_1_7' title="bbox 99 2428 1278 3858">
     <span class='ocr_line' id='line_1_18' title="bbox 220 2428 1201 2532; baseline 0.005 -29"><span class='ocrx_word' id='word_1_122' title='bbox 220 2430 304 2503; x_wconf 91' lang='lat' dir='ltr'>dine</span> <span class='ocrx_word' id='word_1_123' title='bbox 328 2431 451 2527; x_wconf 88' lang='lat' dir='ltr'>plebis.</span> <span class='ocrx_word' id='word_1_124' title='bbox 501 2433 555 2502; x_wconf 88' lang='lat' dir='ltr'>Ut</span> <span class='ocrx_word' id='word_1_125' title='bbox 578 2428 668 2527; x_wconf 83' lang='lat' dir='ltr'>saepe</span> <span class='ocrx_word' id='word_1_126' title='bbox 692 2431 922 2521; x_wconf 91' lang='lat' dir='ltr'>nobilitatem,</span> <span class='ocrx_word' id='word_1_127' title='bbox 937 2435 980 2505; x_wconf 87' lang='lat' dir='ltr'>fic</span> <span class='ocrx_word' id='word_1_128' title='bbox 994 2457 1033 2504; x_wconf 91' lang='lat' dir='ltr'>ea</span> <span class='ocrx_word' id='word_1_129' title='bbox 1049 2433 1201 2532; x_wconf 90' lang='lat' dir='ltr'>tempes-</span> 
     </span>
     <span class='ocr_line' id='line_1_19' title="bbox 132 2538 1166 2650; baseline 0.001 -23"><span class='ocrx_word' id='word_1_130' title='bbox 132 2639 134 2644; x_wconf 81' lang='lat'><em>.</em></span> <span class='ocrx_word' id='word_1_131' title='bbox 220 2569 289 2627; x_wconf 87' lang='lat' dir='ltr'>tate</span> <span class='ocrx_word' id='word_1_132' title='bbox 307 2543 448 2649; x_wconf 86' lang='lat' dir='ltr'>plebem</span> <span class='ocrx_word' id='word_1_133' title='bbox 466 2575 510 2628; x_wconf 76' lang='lat' dir='ltr'>ex</span> <span class='ocrx_word' id='word_1_134' title='bbox 526 2538 683 2625; x_wconf 77' lang='lat' dir='ltr'>secundis</span> <span class='ocrx_word' id='word_1_135' title='bbox 700 2554 802 2626; x_wconf 88' lang='lat' dir='ltr'>rebus</span> <span class='ocrx_word' id='word_1_136' title='bbox 819 2551 997 2642; x_wconf 73' lang='lat' dir='ltr'>insolentia</span> <span class='ocrx_word' id='word_1_137' title='bbox 1015 2576 1166 2650; x_wconf 87' lang='lat' dir='ltr'>ceperat.</span> 
     </span>
     <span class='ocr_line' id='line_1_20' title="bbox 270 2674 1200 2771; baseline 0 -21"><span class='ocrx_word' id='word_1_138' title='bbox 270 2675 370 2751; x_wconf 87' lang='lat' dir='ltr'><strong>XLI.</strong></span> <span class='ocrx_word' id='word_1_139' title='bbox 407 2675 605 2748; x_wconf 78' lang='lat' dir='ltr'>Ceruaunr</span> <span class='ocrx_word' id='word_1_140' title='bbox 632 2700 708 2748; x_wconf 89' lang='lat' dir='ltr'>mos</span> <span class='ocrx_word' id='word_1_141' title='bbox 734 2674 883 2771; x_wconf 89' lang='lat' dir='ltr'>partium</span> <span class='ocrx_word' id='word_1_142' title='bbox 912 2675 1137 2771; x_wconf 89' lang='lat' dir='ltr'>popularium</span> <span class='ocrx_word' id='word_1_143' title='bbox 1167 2681 1200 2750; x_wconf 76' lang='grc' dir='ltr'>δι</span> 
     </span>
     <span class='ocr_line' id='line_1_21' title="bbox 201 2793 1203 2885; baseline 0.003 -18"><span class='ocrx_word' id='word_1_144' title='bbox 201 2793 336 2868; x_wconf 80' lang='lat' dir='ltr'>&#39;Senati</span> <span class='ocrx_word' id='word_1_145' title='bbox 364 2794 570 2885; x_wconf 68' lang='lat' dir='ltr'>factionum,</span> <span class='ocrx_word' id='word_1_146' title='bbox 607 2821 647 2868; x_wconf 89' lang='lat' dir='ltr'>ac</span> <span class='ocrx_word' id='word_1_147' title='bbox 676 2795 802 2868; x_wconf 90' lang='lat' dir='ltr'>deinde</span> <span class='ocrx_word' id='word_1_148' title='bbox 835 2795 995 2876; x_wconf 86' lang='lat' dir='ltr'>omniurn</span> <span class='ocrx_word' id='word_1_149' title='bbox 1030 2796 1203 2870; x_wconf 89' lang='lat' dir='ltr'>malarum</span> 
     </span>
     <span class='ocr_line' id='line_1_22' title="bbox 222 2903 1200 3012; baseline 0.003 -24"><span class='ocrx_word' id='word_1_150' title='bbox 222 2914 352 2988; x_wconf 88' lang='lat' dir='ltr'>artium</span> <span class='ocrx_word' id='word_1_151' title='bbox 380 2916 497 3012; x_wconf 88' lang='lat' dir='ltr'>paucis</span> <span class='ocrx_word' id='word_1_152' title='bbox 523 2937 604 2989; x_wconf 86' lang='lat' dir='ltr'>ante</span> <span class='ocrx_word' id='word_1_153' title='bbox 633 2921 731 2990; x_wconf 89' lang='lat' dir='ltr'>annis</span> <span class='ocrx_word' id='word_1_154' title='bbox 763 2903 890 2991; x_wconf 77' lang='lat' dir='ltr'>Romae</span> <span class='ocrx_word' id='word_1_155' title='bbox 920 2937 1029 3008; x_wconf 89' lang='lat' dir='ltr'>ortus,</span> <span class='ocrx_word' id='word_1_156' title='bbox 1064 2916 1136 2990; x_wconf 93' lang='lat' dir='ltr'>otio</span> <span class='ocrx_word' id='word_1_157' title='bbox 1166 2922 1200 2991; x_wconf 76' lang='lat' dir='ltr'>Sc</span> 
     </span>
     <span class='ocr_line' id='line_1_23' title="bbox 99 3016 1201 3136; baseline 0.004 -29"><span class='ocrx_word' id='word_1_158' title='bbox 99 3060 104 3074; x_wconf 89' lang='lat'><strong>·</strong></span> <span class='ocrx_word' id='word_1_159' title='bbox 185 3061 188 3066; x_wconf 89' lang='lat'>·</span> <span class='ocrx_word' id='word_1_160' title='bbox 222 3033 434 3108; x_wconf 85' lang='lat' dir='ltr'>abundantia</span> <span class='ocrx_word' id='word_1_161' title='bbox 451 3062 568 3112; x_wconf 88' lang='lat' dir='ltr'>earum</span> <span class='ocrx_word' id='word_1_162' title='bbox 585 3063 714 3126; x_wconf 90' lang='lat' dir='ltr'>rerum,</span> <span class='ocrx_word' id='word_1_163' title='bbox 734 3064 812 3135; x_wconf 84' lang='lat' dir='ltr'>quae</span> <span class='ocrx_word' id='word_1_164' title='bbox 831 3038 943 3136; x_wconf 90' lang='lat' dir='ltr'>prima</span> <span class='ocrx_word' id='word_1_165' title='bbox 959 3016 1201 3112; x_wconf 65' lang='lat' dir='ltr'>mortalesbu-</span> 
     </span>
     <span class='ocr_line' id='line_1_24' title="bbox 223 3141 1278 3262; baseline 0.007 -35"><span class='ocrx_word' id='word_1_166' title='bbox 223 3175 318 3227; x_wconf 89' lang='lat' dir='ltr'>cunt.</span> <span class='ocrx_word' id='word_1_167' title='bbox 368 3157 465 3230; x_wconf 88' lang='lat' dir='ltr'>Nam</span> <span class='ocrx_word' id='word_1_168' title='bbox 493 3177 571 3236; x_wconf 87' lang='lat' dir='ltr'>ante</span> <span class='ocrx_word' id='word_1_169' title='bbox 597 3141 845 3256; x_wconf 82' lang='lat' dir='ltr'>Carthaginem</span> <span class='ocrx_word' id='word_1_170' title='bbox 873 3162 1023 3234; x_wconf 87' lang='lat' dir='ltr'>deletam</span> <span class='ocrx_word' id='word_1_171' title='bbox 1053 3161 1203 3262; x_wconf 80' lang='lat' dir='ltr'>populus</span> <span class='ocrx_word' id='word_1_172' title='bbox 1274 3163 1278 3178; x_wconf 93' lang='lat'>&#39;</span> 
     </span>
     <span class='ocr_line' id='line_1_25' title="bbox 224 3275 1202 3377; baseline 0.004 -29"><span class='ocrx_word' id='word_1_173' title='bbox 224 3275 417 3350; x_wconf 84' lang='lat' dir='ltr'>&amp;Senatus</span> <span class='ocrx_word' id='word_1_174' title='bbox 442 3279 625 3353; x_wconf 86' lang='lat' dir='ltr'>Romanus</span> <span class='ocrx_word' id='word_1_175' title='bbox 653 3277 792 3374; x_wconf 87' lang='lat' dir='ltr'>placide</span> <span class='ocrx_word' id='word_1_176' title='bbox 818 3281 1046 3377; x_wconf 85' lang='lat' dir='ltr'>modesteque</span> <span class='ocrx_word' id='word_1_177' title='bbox 1063 3281 1152 3354; x_wconf 87' lang='lat' dir='ltr'>inter</span> <span class='ocrx_word' id='word_1_178' title='bbox 1168 3278 1202 3352; x_wconf 91' lang='lat' dir='ltr'>se</span> 
     </span>
     <span class='ocr_line' id='line_1_26' title="bbox 222 3394 1203 3500; baseline 0.006 -33"><span class='ocrx_word' id='word_1_179' title='bbox 222 3394 478 3491; x_wconf 87' lang='lat' dir='ltr'>rempublicam</span> <span class='ocrx_word' id='word_1_180' title='bbox 510 3397 726 3472; x_wconf 70' lang='lat' dir='ltr'>tractabant:</span> <span class='ocrx_word' id='word_1_181' title='bbox 768 3425 881 3498; x_wconf 88' lang='lat' dir='ltr'>neque</span> <span class='ocrx_word' id='word_1_182' title='bbox 918 3401 1051 3500; x_wconf 78' lang='lat' dir='ltr'>gloria,</span> <span class='ocrx_word' id='word_1_183' title='bbox 1086 3427 1203 3498; x_wconf 91' lang='lat' dir='ltr'>neque</span> 
     </span>
     <span class='ocr_line' id='line_1_27' title="bbox 223 3515 1203 3596; baseline 0.008 -9"><span class='ocrx_word' id='word_1_184' title='bbox 223 3515 472 3590; x_wconf 88' lang='lat' dir='ltr'>dominationis</span> <span class='ocrx_word' id='word_1_185' title='bbox 501 3535 674 3592; x_wconf 89' lang='lat' dir='ltr'>certamen</span> <span class='ocrx_word' id='word_1_186' title='bbox 702 3518 790 3593; x_wconf 91' lang='lat' dir='ltr'>inter</span> <span class='ocrx_word' id='word_1_187' title='bbox 828 3521 914 3595; x_wconf 87' lang='lat' dir='ltr'>civis</span> <span class='ocrx_word' id='word_1_188' title='bbox 950 3542 1048 3596; x_wconf 90' lang='lat' dir='ltr'>erat:</span> <span class='ocrx_word' id='word_1_189' title='bbox 1090 3542 1203 3596; x_wconf 91' lang='lat' dir='ltr'>metus</span> 
     </span>
     <span class='ocr_line' id='line_1_28' title="bbox 223 3634 1204 3717; baseline 0.011 -11"><span class='ocrx_word' id='word_1_190' title='bbox 223 3634 353 3707; x_wconf 88' lang='lat' dir='ltr'>hostilis</span> <span class='ocrx_word' id='word_1_191' title='bbox 372 3635 407 3708; x_wconf 91' lang='lat' dir='ltr'>in</span> <span class='ocrx_word' id='word_1_192' title='bbox 424 3634 527 3708; x_wconf 89' lang='lat' dir='ltr'>bonis</span> <span class='ocrx_word' id='word_1_193' title='bbox 544 3635 674 3710; x_wconf 89' lang='lat' dir='ltr'>artibus</span> <span class='ocrx_word' id='word_1_194' title='bbox 691 3639 869 3715; x_wconf 87' lang='lat' dir='ltr'>civitatem</span> <span class='ocrx_word' id='word_1_195' title='bbox 901 3641 1084 3716; x_wconf 87' lang='lat' dir='ltr'>retinebat.</span> <span class='ocrx_word' id='word_1_196' title='bbox 1135 3645 1204 3717; x_wconf 91' lang='lat' dir='ltr'>Sed</span> 
     </span>
     <span class='ocr_line' id='line_1_29' title="bbox 222 3753 1201 3858; baseline 0.007 -28"><span class='ocrx_word' id='word_1_197' title='bbox 222 3753 284 3840; x_wconf 84' lang='lat' dir='ltr'>ubi</span> <span class='ocrx_word' id='word_1_198' title='bbox 311 3753 368 3850; x_wconf 90' lang='lat' dir='ltr'>illa</span> <span class='ocrx_word' id='word_1_199' title='bbox 398 3755 551 3858; x_wconf 85' lang='lat' dir='ltr'>formido</span> <span class='ocrx_word' id='word_1_200' title='bbox 579 3758 755 3852; x_wconf 84' lang='lat' dir='ltr'>mentibus</span> <span class='ocrx_word' id='word_1_201' title='bbox 783 3759 955 3854; x_wconf 82' lang='lat' dir='ltr'>disceffit3</span> <span class='ocrx_word' id='word_1_202' title='bbox 990 3762 1116 3856; x_wconf 83' lang='lat' dir='ltr'>scilicet</span> <span class='ocrx_word' id='word_1_203' title='bbox 1148 3789 1201 3854; x_wconf 76' lang='lat' dir='ltr'>ea,</span> 
     </span>
    </p>
   </div>
   <div class='ocr_carea' id='block_1_8' title="bbox 0 0 1349 4686">
    <p class='ocr_par' dir='ltr' id='par_1_8' title="bbox 0 0 1349 4686">
     <span class='ocr_line' id='line_1_30' title="bbox 0 0 1349 4686; baseline 0 0"><span class='ocrx_word' id='word_1_204' title='bbox 0 0 1349 4686; x_wconf 95' lang='lat' dir='ltr'> </span> 
     </span>
    </p>
   </div>
  </div>
 </body>
</html>
