2668 4698
288 335 350 410 Da
369 303 501 410 Buteo
520 335 748 414 C1v1a1.M.
768 341 819 436 L·
836 343 869 414 S.
1014 317 1105 450 ᾖς

113 533 213 584 mam
230 508 341 599 venit,
375 509 582 584 refistentem
602 511 663 586 s1bi
680 512 875 610 Sulpicium
894 519 927 590 ὃς
945 513 1106 592 seditiosis

113 629 344 706 concionibus
387 635 434 707 R.
462 633 503 704 Ρ.
537 632 806 726 disturbantem,
853 662 938 708 cum
971 638 1104 727 multis,

112 777 211 849 quos,
224 751 285 825 fibi
301 751 412 826 socios
429 751 634 844 adsciverat,
653 755 866 842 trucidavit3
893 777 998 854 atque
1022 761 1104 834 Ma·
1159 755 1162 762 ’

111 871 207 946 rium
223 871 352 970 ipsum,
383 874 657 951 machinatorem
675 896 778 950 tantae
794 877 1034 968 contumelia,
1068 879 1105 951 in

113 993 260 1068 exilium
277 994 414 1092 impetu
426 996 567 1070 detrusit
584 1023 764 1074 armorum
782 1025 790 1070 :
820 1019 926 1096 atque
938 999 997 1070 ille
1014 1025 1104 1096 quo-

112 1115 201 1188 tiens
223 1115 347 1206 viston
378 1142 439 1214 per
465 1118 653 1192 Gallorum
683 1139 789 1216 atque
819 1119 992 1192 Afrorum
1009 1145 1101 1210 rura,

113 1262 194 1334 quae
211 1235 283 1336 ipse
301 1237 507 1330 vastaverat,
522 1238 715 1338 'naufragus
733 1260 839 1338 atque
856 1266 988 1336 egenus
1016 1268 1103 1316 erra·

110 1359 174 1431 vit.

162 1481 226 1552 IV.
252 1481 351 1554 Dum
369 1481 445 1556 lraec
463 1475 628 1580 aguntur,
652 1483 767 1556 Cinna
786 1488 819 1556 δε
837 1483 1005 1556 Odavius
1021 1483 1102 1558 fatti

87 1604 91 1618 '
110 1597 200 1676 sunt
205 1601 398 1676 Consules.
429 1630 583 1700 quorum
600 1604 714 1677 Cinna
731 1605 776 1678 de
795 1604 950 1736 patribus
968 1605 1102 1680 Maria

110 1721 163 1796 nis
181 1720 259 1796 fuit.
284 1723 360 1798 Hic
372 1725 495 1822 legem
513 1724 606 1819 tulit,
625 1747 665 1798 ut
682 1724 766 1798 novi
783 1723 893 1814 cives,
909 1750 972 1822 qur
962 1724 1103 1857 aliqua

110 1843 244 1918 ratione
263 1849 467 1920 Romanam
483 1867 691 1943 acceperant
710 1847 777 1928 civi
780 1865 903 1936 tatem,
934 1871 1018 1920 cnm
1040 1873 1102 1920 ve-

109 1965 243 2047 teribus
267 1968 363 2042 nulla
381 1965 584 2040 discretione
601 1967 804 2072 suffragium
822 1965 962 2042 ferrent.
1013 1972 1100 2043 Hoc

109 2086 278 2164 videlicet
303 2075 479 2164 incorum
499 2088 643 2188 gratiam
663 2088 826 2178 faciebat,
847 2089 910 2186 qui
944 2091 1102 2166 Matium
1199 2149 1202 2156 .

109 2207 282 2307 suffragiis
298 2210 363 2288 suis
382 2212 588 2300 extulerant,
620 2214 654 2283 &
672 2209 889 2307 amplissimis
906 2210 1101 2285 honoribus
1188 2215 1190 2220 ’

108 2333 330 2409 decorarent.
380 2333 448 2406 Sed
464 2333 542 2416 haec
566 2334 624 2406 lex
646 2330 806 2430 injuriosa
824 2330 950 2406 eratin
969 2352 1100 2406 veteres

108 2453 220 2542 cives,
239 2453 301 2552 qui
319 2453 482 2530 meritum
499 2453 681 2554 dignitatis
699 2454 908 2528 videbantur
927 2453 1098 2543 amittere,

108 2578 131 2648 li
162 2602 246 2650 curn
263 2575 364 2648 novis
381 2575 535 2673 indignis
564 2575 601 2648 in
634 2567 777 2647 serendo
794 2573 1098 2674 suffragiojunge-

107 2717 238 2770 rentur.
289 2698 349 2770 Ob
366 2697 571 2794 hoeitaque
589 2695 759 2776 Octavius
778 2695 916 2797 collega
936 2721 1097 2768 commo·
1152 2688 1153 2696 ἵ

107 2838 179 2908 tus,
216 2837 255 2892 ut
284 2817 511 2895 seditionibus
547 2817 754 2915 privaretur,
788 2817 964 2912 collegam
996 2817 1098 2892 suurn
1149 2851 1156 2864 ·

106 2939 277 3030 Cinnam,
303 2939 541 3022 adnitentibus
558 2938 732 3012 veteribus
750 2936 903 3026 civibus,
930 2936 966 3010 in
997 2939 1097 3012 exili·

106 3087 171 3134 um
188 3059 279 3138 misit
302 3081 470 3150 armatus,
502 3059 656 3134 munitus
675 3059 838 3136 videlicet
855 3058 964 3158 copiis
982 3063 1096 3158 Syllae.

106 3184 202 3279 Qaae
221 3205 306 3254 cum
322 3203 519 3283 agerentur,
542 3181 718 3256 maximus
744 3208 789 3256 ex
813 3180 967 3278 unisque
992 3185 1097 3280 parti-

106 3304 174 3376 bus
202 3302 336 3376 civium
358 3329 528 3378 numerus
555 3303 786 3400 interemptus
809 3305 867 3378 est.
921 3302 1098 3398 Expulsus

104 3422 213 3520 igitur
241 3422 357 3498 Cinna
384 3449 469 3498 curn
501 3445 702 3523 vagaretur,
738 3426 784 3498 ad
829 3423 1005 3513 Africam,
1035 3425 1096 3503 ubi

104 3543 245 3620 Marius
262 3544 364 3640 inops
383 3564 469 3634 erat,
492 3544 583 3625 sorte
598 3545 780 3642 pervenit:
803 3566 919 3678 ,atque
934 3543 981 3648 ibi
999 3571 1096 3618 coma

104 3664 286 3744 municato
305 3665 461 3754 consilio,
493 3664 683 3742 sollicitatis
712 3665 838 3738 animis
863 3665 975 3762 perdit
978 3692 1094 3760 orum,

105 3786 205 3864 &de
232 3785 412 3913 ergastulis
436 3786 544 3867 erutis
575 3785 690 3878 servis,
711 3787 907 3880 exercitum
933 3787 1094 3872 consece

565 3909 600 3980 T
628 3935 690 4000 4
