2664 4692
242 327 318 396 224
512 301 811 374 Snaausrrt
857 297 1020 372 Hrsr.

237 497 304 572 pro
332 471 508 548 maxumis
547 471 723 548 beneficiis
762 469 916 546 animam
943 471 1042 544 dono
1075 469 1225 545 dedill‘e.

159 603 163 610 ’
235 595 302 668 Per
327 621 406 686 vos,
433 594 600 692 Qrirites‚
626 599 660 666 δι
685 593 833 692 gloriam
862 590 1050 691 majorum,
1074 593 1230 666 tolerate

236 715 394 807 advorsa,
414 721 449 790 δι
467 715 635 788 consulite
652 713 737 814 reip.
762 715 884 788 Multa
898 739 981 787 cura
996 710 1138 787 summo
1152 714 1225 787 im-

238 837 335 936 perio
351 836 451 927 inest,
469 835 573 910 multi
588 835 748 935 ingentes
765 837 927 908 labores:
959 861 1048 934 quos
1071 835 1225 934 nequid-

237 983 347 1058 quam
362 957 528 1047 abnuitis,
552 957 696 1055 &pacis
712 956 930 1055 opulentiam
947 955 1121 1054 quaeritis:
1140 984 1228 1032 cum

238 1105 362 1154 omnes
380 1078 586 1177 provinciae,
606 1101 729 1176 regna,
753 1077 881 1170 maria,
899 1097 1071 1176 terraeque
1092 1078 1228 1178 aspera,

238 1220 299 1274 aut
322 1199 406 1272 feffa
433 1198 533 1274 bellis
559 1203 635 1273 sint.

288 1319 458 1394 Germani
502 1319 673 1394 intetlum
706 1321 895 1396 renonibus
923 1347 1052 1421 corpus
1085 1341 1229 1424 tegunt.
1317 1339 1318 1408 l

239 1443 393 1545 Istdorur.

289 1563 400 1636 Unde
412 1587 502 1660 pons
517 1562 555 1636 in
567 1563 741 1662 oppidum
753 1565 927 1664 pertinens
940 1567 1147 1665 explicatur.
1176 1570 1229 1642 A·

240 1687 405 1779 rufianus.

294 1809 342 1880 Et
359 1807 392 1881 ei
419 1822 508 1880 voce
536 1833 667 1906 magna
699 1811 925 1884 vehementer
949 1812 1228 1912 gratulabantur.

242 1931 410 2004 Donatus.

292 2051 342 2121 Er
351 2049 488 2124 Marius
500 2045 612 2128 vietus
625 2029 866 2152 duplicaverat
878 2057 1024 2130 bellum.
1075 2061 1230 2132 Seruius.

285 2173 410 2266 Atque
425 2197 517 2244 cosa
533 2193 635 2272 tergo
646 2175 875 2250 incurrerunt.
926 2179 1142 2270 Rufinianus.

290 2291 334 2362 In
350 2291 446 2363 hunc
461 2295 613 2367 modum
635 2296 804 2372 differuit.
854 2302 919 2373 Pri
933 2304 1059 2374 cianus.

291 2414 380 2487 Inde
396 2435 492 2489 ortus
507 2413 619 2492 sermo
637 2423 943 2518 pereundantibus
955 2423 1148 2520 utrimque,
1167 2422 1230 2496 Sa·
1317 2481 1318 2512 Ξ

242 2532 295 2606 tin
310 2527 424 2622 salve}
451 2561 560 2636 quam
586 2540 674 2639 grati
694 2542 845 2618 ducibus
861 2543 941 2635 suis,
969 2545 1110 2644 quantis
1127 2543 1231 2620 farni-
1317 2559 1318 2600 ³

243 2655 385 2730 liaribus
403 2658 511 2756 copiis
527 2669 762 2760 augerentur?
813 2669 980 2741 Donatus.

291 2780 431 2878 Fugam
446 2781 570 2856 nostris
586 2781 709 2858 fecere.
760 2790 890 2860 Seneca.

292 2895 385 2994 Qae
402 2891 522 2974 audita
548 2904 817 3030 Panormitanos
837 2909 966 2984 dedere
984 2911 1160 2986 Romanis
1178 2907 1229 2983 fe·

245 3041 335 3091 cere.
385 3023 488 3097 Idem.
1317 3023 1318 3050 ³

292 3141 379 3237 Qro
397 3141 586 3239 cupidius
575 3171 613 3219 rn
629 3174 690 3223 ore
708 3150 809 3224 ducis
825 3151 892 3225 sese
911 3153 1056 3252 quisque
1073 3155 1228 3243 bonum,
1317 3195 1318 3260 l

244 3263 280 3334 &
296 3259 476 3334 strenuum
494 3264 713 3343 ostentantes.
761 3275 914 3367 Jfidarus,
939 3280 1080 3349 Servius
1098 3301 1139 3351 x.
1317 3271 1318 3280 ἵ

292 3381 415 3454 Ventis
432 3405 495 3480 per
511 3410 598 3460 cava
608 3407 711 3462 terrae
722 3389 849 3485 citatis,
869 3396 962 3496 rupti
978 3397 1114 3497 aliquot
1126 3419 1229 3472 mon·

243 3522 309 3594 tes,
334 3504 534 3604 tumulique
549 3506 676 3584 sedere.
726 3511 874 3606 Istdoms,
900 3518 1044 3592 Servius.

293 3621 372 3698 Ubi
389 3625 491 3700 multi
508 3627 658 3706 nefande
673 3631 753 3708 casu
769 3632 870 3734 super
898 3642 982 3732 auli,
1011 3659 1118 3738 atque
1135 3629 1318 3826 palli

249 3741 445 3838 Priscianus.
