2672 4682
230 339 275 436 76
443 325 1037 405 cerusmsnmusru

228 517 257 558 ‘⁴
276 509 384 586 Nunc
410 533 496 582 vero
521 503 616 580 exsul
645 502 769 601 patria,
795 503 920 592 domo,
949 499 1038 574 solus
1068 500 1103 571 ὅτ
1132 523 1219 574 om-

228 637 258 680 “
277 605 377 708 nium
396 629 612 704 honestarum
635 649 752 698 rerum
777 647 899 721 egens,
926 647 999 720 quo
1025 620 1217 711 accedam,

186 771 196 790 t
228 758 257 800 u
276 771 335 826 aut
360 777 449 848 quos
474 747 675 843 adpellem?
704 743 916 833 nationesne,
942 769 987 818 an
1009 766 1122 840 reges,
1150 741 1217 840 qui

228 879 258 924 “
276 893 397 946 omnes
423 865 562 944 familia
580 865 702 940 nostrae
724 868 772 942 ob
789 865 936 938 vestram
951 862 1142 938 amicitiam
1158 863 1218 936 in-

229 1001 259 1038 “
278 993 353 1070 festi
379 989 484 1064 sunt?
522 1013 567 1060 an
595 1013 777 1085 quoquam
804 986 898 1060 adire
929 985 1023 1076 licet,
1050 985 1113 1060 ubi
1136 1011 1215 1058 non

228 1122 257 1166 ⁴⁴
275 1111 444 1210 majorum
458 1133 620 1180 meorum
637 1107 773 1180 hostilia
785 1127 1017 1180 monumenta
1029 1105 1213 1203 plurima?

227 1242 256 1280 “
274 1251 332 1308 aut
365 1227 549 1326 quisquam
583 1228 690 1301 nostri
714 1226 863 1301 misereri
898 1227 1022 1325 potest,
1060 1226 1121 1325 qui
1148 1225 1213 1300 ali-

227 1350 416 1450 “quando
444 1349 545 1422 vobis
571 1348 677 1422 hostis
705 1345 799 1422 fuit?
826 1347 1006 1422 Postremo
1033 1347 1215 1422 Mafiniffa

226 1481 334 1544 “nos
361 1469 408 1542 ita
445 1467 603 1558 instituit,
641 1471 758 1563 Patres
792 1467 993 1566 conscripti,
1029 1494 1214 1568 nequem

227 1601 253 1636 “
273 1592 480 1682 coleremus,
509 1591 570 1666 nifi
593 1592 765 1688 populum
789 1593 1011 1680 Romanurn,
1036 1616 1082 1664 ne
1104 1589 1213 1664 socie,

226 1718 254 1754 “
271 1729 371 1800 tates,
410 1737 455 1790 ne
481 1711 617 1789 foedera
646 1737 741 1790 nova
769 1711 1032 1808 acciperemus:
1069 1712 1214 1786 abunde

225 1839 252 1876 “
271 1857 401 1930 magna
428 1834 583 1930 praesidia
612 1833 713 1909 nobis
732 1833 768 1906 in
792 1833 906 1906 vestra
927 1831 1078 1906 amicitia
1107 1831 1210 1906 sore:

224 1954 295 2032 “st
321 1953 402 2032 huic
428 1955 578 2052 imperio
606 1953 748 2030 fortuna
777 1975 986 2044 mutaretur,
1012 1977 1082 2026 una
1107 1951 1215 2024 nobis

225 2071 508 2146 “occidendum
542 2077 620 2148 effe.
671 2075 808 2148 Virtute
844 2103 885 2148 ac
921 2074 975 2147 dis
1010 2071 1215 2148 volentibus

225 2198 253 2234 “
271 2191 393 2289 magni
411 2193 487 2266 estis
505 2199 540 2266 ὅτ
558 2193 716 2290 opulenti
731 2223 741 2278 ;
769 2193 889 2266 omnia
904 2190 1054 2266 secunda
1072 2199 1105 2268 ὅτ
1124 2197 1213 2268 obc-

224 2319 252 2356 “
269 2311 400 2388 dientia
432 2312 532 2394 sunt:
571 2340 643 2413 quo
682 2313 815 2386 facilius
849 2311 1024 2422 sociorum
1069 2311 1214 2409 injurias

224 2439 394 2515 “curare
423 2433 514 2514 licet.
568 2435 727 2510 Tantum
755 2433 844 2513 illud
879 2459 1014 2522 vereor,
1042 2457 1087 2506 ne
1120 2458 1214 2530 quos

223 2561 250 2596 “
271 2553 406 2650 privata
418 2554 569 2629 amicitia
579 2555 782 2654 Jugurrhae,
797 2543 919 2652 parurn
933 2553 1089 2652 cognita,
1104 2553 1213 2627 trans-

224 2681 253 2726 “
272 2674 388 2750 vorsos
405 2696 512 2777 agat:
542 2703 630 2775 quos
647 2701 717 2775 ego
732 2675 839 2750 audio
858 2673 1026 2748 maxuma
1048 2701 1117 2772 ope
1132 2675 1211 2766 niti,

98 2774 100 2786 Ι
184 2819 191 2830 ·
223 2801 252 2850 ‘1‘
271 2797 420 2890 ambire,
445 2798 590 2897 fatigare
617 2823 679 2872 vos
699 2797 865 2902 fingulos,
889 2821 933 2873 ne
962 2795 1049 2894 quid
1067 2797 1118 2870 ¹de
1144 2800 1208 2886 ab·

223 2921 251 2958 “
269 2914 378 3008 sente,
414 2919 594 3018 incognita
621 2919 748 3008 caussa,
774 2917 952 2998 statuatis:
990 2919 1123 3016 fingere
1151 2943 1211 2992 me

223 3041 252 3088 “
272 3027 394 3129 verba,
429 3038 551 3135 fugam
582 3039 754 3128 simulare,
787 3038 844 3112 cui
871 3037 1005 3119 licuerit
1033 3039 1070 3111 in
1097 3065 1210 3138 regno

222 3162 250 3201 “
268 3181 421 3239 manere.
472 3159 582 3256 Quod
599 3158 735 3243 utinam
757 3158 873 3248 illurn,
899 3157 999 3258 cujus
1021 3159 1134 3257 impio
1158 3159 1211 3234 fa-

222 3284 251 3320 “
269 3278 386 3353 cinore
413 3277 451 3352 in
483 3280 545 3362 has
573 3278 723 3364 miserias
752 3277 925 3377 projectus
960 3276 1052 3370 sum,
1085 3282 1212 3356 eadem
1256 3293 1259 3300 '

222 3405 251 3442 “
270 3400 346 3473 haec
382 3400 602 3484 simulantem
641 3400 805 3474 videam:
848 3406 883 3475 a
916 3400 1107 3498 aliquando
1148 3421 1212 3474 aut

222 3499 257 3560 “⁶
269 3521 366 3617 apud
399 3546 477 3610 vos,
514 3539 575 3594 aut
606 3522 702 3616 apud
733 3522 819 3594 deos
851 3521 1059 3595 immortalis
1090 3545 1213 3599 rerum

221 3639 501 3716 “humanarum
537 3667 619 3714 cura
647 3641 796 3716 oriatur:
835 3669 880 3716 ne
913 3631 986 3732 ille,
1018 3639 1080 3739 qui
1113 3667 1213 3716 nune

222 3757 451 3846 “sceleribus
476 3759 543 3848 suis
571 3761 671 3848 ferox
695 3783 800 3861 atque
827 3764 1011 3862 praeclarus
1037 3761 1102 3852 est,
1128 3787 1211 3846 orn*
