2668 4698
142 369 310 445 Consua
328 371 496 444 Lucruu
515 371 695 470 Sanoruu
713 369 970 444 Carrnrunu.
1006 395 1074 471 317

2 618 3 623 ,
107 549 159 622 vis
182 550 307 624 veneni
326 577 514 654 peromne
532 578 658 649 corpus
674 549 784 623 Urbis
801 549 1077 624 demanatumm.

107 673 216 770 Qrod
240 671 360 762 scelus,
396 646 457 746 adt
481 698 588 768 quarn
616 671 747 768 pestem
774 674 797 742 sr
825 667 1078 748 vindicandum

106 793 172 864 effe
200 792 392 882 censebitis,
437 811 476 865 ut
505 818 594 882 reor,
636 797 670 864 ὃς
700 789 855 885 Respub.
897 789 1077 879 defiderat,

2 892 3 919 Χ
106 933 225 1010 putate
258 913 412 1010 profesio
440 915 534 985 Deos
563 912 787 1000 immortales,
829 915 860 982 s<
896 910 932 984 in
961 909 1080 1006 primis

107 1033 350 1130 Capitolinum
380 1037 507 1128 Jovem
535 1031 999 1128 sempiternumcustodem,
1037 1057 1079 1104 ac

106 1152 288 1226 ‘vindicem
306 1152 406 1252 hujus
423 1151 571 1257 imperii,
598 1178 662 1248 pro
679 1150 830 1222 liberatis
852 1176 972 1224 eorum
989 1171 1079 1224 tern-

7 1292 11 1309 ²
105 1273 171 1370 plis
193 1300 233 1346 ac
256 1272 471 1362 ceremoniis,
504 1254 756 1370 gratias'vobis
778 1271 996 1368 amplissimas
1013 1274 1081 1345 else

9 1392 10 1442 l
106 1395 323 1485 reddituros:
353 1413 471 1492 putate
495 1393 616 1491 pariter
636 1392 731 1464 idern
749 1391 915 1464 indurans
931 1394 998 1464 else
1016 1419 1078 1465 cu-

2 1490 10 1513 'i
105 1515 192 1587 riam
212 1541 274 1611 pro
290 1513 427 1587 defensa
443 1511 624 1587 'consulum
647 1512 730 1604 vita,
760 1512 959 1608 servataque
974 1515 1079 1586 Sena-

3 1652 10 1712 1
106 1635 187 1706 torii
205 1635 332 1714 ordinis
351 1633 544 1732 dignitate:
573 1635 687 1730 putate
715 1652 885 1708 matronas
902 1633 1012 1706 Urbis
1038 1662 1079 1709 ac

106 1753 233 1829 liberos
246 1755 391 1845 nostros,
418 1753 650 1827 observatam
669 1752 883 1850 pudicitiam,
912 1751 1082 1849 supplices

107 1901 147 1948 ac
164 1876 444 1972 congratulantes
472 1872 646 1948 universos
674 1875 718 1946 ad
744 1899 858 1970 genua
881 1872 990 1945 vestra
1017 1872 1082 1946 seso

4 1991 5 2008 ¹
108 1996 349 2069 obversaturos
376 1993 475 2068 sore:
515 2015 630 2091 putate
660 1993 813 2099 virgines
836 1994 1000 2082 Vestales,
1028 2015 1081 2066 at-

108 2141 178 2213 que
221 2113 330 2211 ipsam
370 2111 579 2211 majestatem
610 2115 807 2210 amplisfimi
847 2114 1000 2188 numinis
1033 2114 1115 2188 ob'

12 2240 13 2261 ¹
108 2233 350 2322 liberationem
374 2233 482 2324 suam,
515 2233 649 2310 summa
665 2235 765 2308 vobis
794 2235 912 2308 laetitla
934 2261 1081 2342 congra-

11 2403 12 2412 κ
106 2357 318 2446 tulaturam:
358 2375 476 2452 putate
500 2356 651 2452 denique
668 2356 767 2428 'cives
795 2373 930 2445 omnes,
960 2357 1083 2429 obre-

12 2456 14 2467 *
107 2496 239 2550 tentam
256 2475 378 2565 vitam,
404 2502 445 2548 ac
471 2475 667 2550 libertatem
682 2474 801 2562 suam3
833 2496 974 2573 penates
993 2481 1086 2573 pub-¹

110 2595 195 2673 lieos
231 2622 295 2693 pro
321 2593 539 2690 conservatis¹
555 2593 654 2683 focis,
693 2614 799 2690 arque
825 2595 904 2683 aris,
943 2595 1085 2690 parietes
1138 2679 1140 2686 p

4 2703 5 2736 ³
109 2715 220 2790 Urbis
249 2740 310 2813 pro
338 2713 536 2812 propulsato
557 2712 736 2788 teterrimo
760 2739 885 2810 genere
903 2713 1083 2806 vastitatis,

4 2877 5 2880 ¹
109 2836 221 2912 ferme
237 2834 431 2908 incredibili
454 2833 583 2932 gaudio
600 2834 813 2906 exultaturos
830 2861 839 2906 ε
875 2854 993 2938 putate
1009 2855 1085 2908 tan-

4 3043 5 3052 *
110 2959 195 3030 dem
212 2954 381 3028 hodierno
400 2946 534 3051 judicio
552 2974 708 3051 paratum
730 2955 796 3026 else
813 2954 912 3029 vobis
937 2975 996 3030 aut
1019 2957 1086 3030 im-

3 3114 9 3148 :
108 3075 255 3152 mortale
283 3075 447 3164 dedecus,
488 3095 545 3148 aut
574 3056 778 3156 memoriam
813 3074 964 3150 nominis
997 3077 1084 3154 sem·
1128 3104 1131 3108 ·

111 3196 298 3293 piternam.
383 3197 407 3242 ³
709 3207 713 3216 “
1111 3201 1113 3206 ’

163 3315 354 3390 XXXVIl.
381 3315 498 3387 Multa
510 3314 588 3389 sunt
602 3317 765 3415 equidem
777 3318 813 3390 in
825 3320 890 3392 hac
903 3322 988 3410 vita,
1006 3347 1085 3418 quae

111 3434 275 3530 turpiter,
321 3459 360 3507 ac
391 3435 584 3510 calamitose
624 3441 805 3537 neglesba,
839 3438 1088 3512 restitutionem

4 3582 6 3618 r
112 3576 230 3630 tamen
250 3556 516 3666 quodammodo
536 3557 728 3653 patiantur:
757 3558 858 3657 hujus
875 3582 957 3632 vero
971 3558 1086 3632 vindi·

5 3667 13 3741 l
113 3675 217 3748 candi
234 3674 365 3752 sceleris
382 3679 404 3748 fi
422 3676 623 3773 praesentem
640 3677 839 3754 facultatem
853 3680 1087 3778 neglexeritis,
1172 3717 1176 3726 ¹

113 3794 236 3876 frustra
281 3794 399 3892 postea
443 3775 688 3894 recuperanda
733 3798 871 3896 copiam
916 3799 1087 3897 qu‘aeretis.
