2668 4698
177 379 181 388 '
265 400 337 478 314
409 375 552 450 Poncrr
579 375 791 488 Larnours
817 373 1124 458 uaeramus

261 548 501 648 temptibilius.
562 525 653 647 Qae
676 577 759 625 cum
782 549 830 622 ita
849 553 925 640 srnt,
952 547 1147 646 Cepionem
1176 548 1237 622 ad·

261 668 469 750 mirabimur
488 670 524 742 in
546 671 648 744 tantis
665 666 799 744 viarum
816 669 1022 768 ambagibus
1045 667 1234 742 erravilse?

259 789 327 864 Me
344 815 415 880 me,
442 815 548 888 quem
570 787 691 882 fateor,
718 792 873 887 Judices,
905 789 1124 864 vetul'tiffima
1151 815 1236 887 qua·

197 1001 198 1004 ¹
259 911 344 984 dam
371 909 600 984 familiaritate
626 911 786 984 Catilinae
809 909 1047 1009 conjunctum,
1087 911 1238 1008 persaepe

225 1059 229 1068 ’
258 1029 450 1104 deliraviffe
478 1031 572 1104 miris
598 1032 880 1130 perplexionibus
902 1031 1006 1121 illius,
1033 1057 1149 1130 neque
1173 1041 1260 1105 un·¹

259 1175 368 1248 quam
387 1151 471 1226 certi
489 1151 681 1249 quicquam
706 1135 743 1225 in
768 1151 829 1226 illo
847 1151 989 1250 ingenio
1006 1154 1237 1250 comprehen-

260 1272 344 1346 dere
361 1272 519 1368 potuiffe.
568 1273 670 1346 Nihil
688 1273 796 1369 igitur
813 1273 874 1345 erit
891 1271 982 1362 miri,
1009 1275 1031 1346 sr
1050 1275 1166 1346 virum
1183 1272 1236 1344 in-

257 1392 496 1492 tegerrimum!
512 1393 707 1492 Cepionem
734 1393 948 1467 versutissimi
974 1391 1126 1466 hominis
1149 1393 1237 1482 doli,
1322 1407 1323 1410 ’

257 1531 364 1611 atque
387 1513 682 1588 inconstantiffimi
699 1541 812 1588 mores
828 1513 1036 1588 fefellerunt.

306 1634 480 1708 XXXIV.
505 1636 590 1710 Non
606 1636 667 1709 erit
682 1635 799 1736 itaque
811 1661 924 1734 neque
942 1633 1139 1731 prudentiae
1153 1655 1234 1726 tuae,

255 1779 371 1852 neque
402 1754 592 1853 gravitatis,
619 1759 797 1847 Hortenfi,
825 1755 1101 1830 candidiffimam
1131 1783 1235 1854 opem

223 1899 226 1911 ·
256 1876 480 1952 humanitatis
516 1897 599 1968 tuae,
637 1877 878 1975 summamque
915 1875 1056 1950 dicendi
1093 1876 1234 1974 copiam

255 1996 410 2072 sontibus
437 1997 515 2095 ipfis
545 1998 720 2095 polliceri:
748 2019 807 2072 aut
839 2023 946 2095 quam
963 1996 1110 2070 bestiam
1126 1995 1235 2070 irreti-

255 2137 329 2192 tam
339 2115 476 2216 judicio
491 2138 664 2208 tenemus,
683 2119 881 2199 dillolutam
896 2138 1001 2216 atque
1017 2118 1233 2190 exultantem

256 2239 360 2336 Reip.
386 2238 586 2326 immittere.
635 2241 744 2338 Qrod
767 2255 803 2312 te
819 2263 1002 2336 nunquam
1030 2237 1233 2314 commissu·
1322 2311 1323 2314 ,

253 2385 334 2432 rum
361 2359 460 2432 fuisse
484 2360 677 2451 arbitrarer,
704 2359 765 2432 nist
789 2359 848 2458 qui
873 2385 931 2432 me
963 2381 1092 2449 mores,
1123 2358 1231 2432 iidem
1322 2453 1323 2460 ἵ

254 2497 290 2551 te
306 2479 466 2561 Catilinas
485 2483 553 2554 fine
569 2481 679 2554 dubio
691 2478 898 2554 fefellerunt.
948 2478 1035 2552 Satis
1051 2479 1233 2552 ostentatas
1322 2461 1323 2520 l

254 2598 357 2674 vobis
393 2621 569 2700 putamus,
607 2601 764 2697 Judices3
800 2620 876 2674 tum
905 2599 1052 2674 rationes
1085 2599 1232 2697 periculi
1322 2599 1323 2678 ἶ

249 2719 372 2812 nostri,
399 2741 476 2795 tum
490 2721 589 2820 hujus
606 2706 838 2795 immaniffimi
855 2719 985 2794 sceleris
997 2719 1230 2794 atrocitatem.
1322 2707 1323 2710 ¹

252 2844 350 2917 Nam
366 2845 388 2914 fi
405 2843 487 2917 odio
501 2845 644 2917 Senatus
667 2869 774 2942 quam
792 2841 951 2916 maximo
972 2839 1163 2915 Catilinam
1179 2867 1231 2914 ar-

255 2964 328 3035 fiffe
338 2941 673 3037 demonstravimus:
702 2967 724 3036 sr
742 2963 889 3036 rationes
902 2961 984 3035 vitae
1001 2959 1069 3035 suae
1082 2981 1228 3052 veteres,

253 3107 294 3155 ac
312 3108 421 3155 novas
437 3083 473 3155 in
500 3083 748 3156 exercitatione
770 3081 1023 3156 teterrimarum
1044 3081 1230 3156 libidinum

252 3202 455 3276 collocatas:
482 3203 614 3300 fispem
633 3203 834 3301 perficiendi
847 3201 980 3277 sceleris
997 3201 1134 3276 homini
1152 3225 1230 3298 pro·
1322 3207 1323 3210 ’

252 3323 507 3424 sequentillrmo
530 3323 815 3398 inimicitiarum:
844 3327 867 3398 fi
888 3323 1041 3422 denique
1069 3325 1228 3396 locorum

252 3471 294 3519 ac
314 3445 479 3544 temporis
506 3445 780 3544 opportunitates
809 3444 980 3519 extitiffe:
1020 3445 1227 3543 praetereasr

217 3645 219 3650 ,
252 3566 384 3640 rabiem
414 3567 589 3665 quandam
619 3565 820 3639 ambitionis
847 3566 883 3639 in
915 3565 977 3638 illo
1009 3562 1111 3637 fuille
1138 3560 1228 3636 dixi-

250 3713 351 3760 mus:
380 3690 402 3760 fi
431 3687 565 3762 nullam
595 3686 798 3786 potestatem
828 3685 1083 3760 referendarum
1113 3681 1226 3757 libidi-

200 3789 205 3793 ”
250 3833 351 3898 num,
376 3828 437 3882 aut
455 3810 567 3886 ullum
585 3805 797 3908 poenitentiae
816 3808 962 3884 locum:
991 3807 1178 3907 postremo,
1202 3807 1224 3876 fi
