2664 4692
236 377 309 433 210
489 350 970 430 SnnrusruHrtr.

237 529 426 630 liquidem
443 527 573 628 majore
606 555 689 606 eura
704 527 983 604 dominationem
1016 523 1068 602 illi
1093 525 1221 604 retinu-

237 651 339 740 erint,
359 677 467 750 quam
485 677 549 726 vos
566 649 797 750 repetiveritis
813 648 1021 728 libertatem.

287 771 480 870 Postquam
496 773 646 871 egreffus
662 770 850 872 angustias.
898 769 1037 872 Meffits.

286 893 540 990 AdCyzicum
558 892 711 992 perrexit
729 893 887 970 firmatus
903 889 1024 968 animi.
1041 887 1096 966 Ex
1110 891 1222 964 eodem.

287 1016 340 1088 Ut
357 1011 518 1090 sustinere
536 1041 684 1113 corpora
706 1013 864 1112 plerique
880 1031 1108 1112 nequeuntes,
1138 1011 1223 1102 felli,

237 1162 333 1210 arma
359 1133 419 1217 sua
452 1133 596 1236 quisque
622 1135 746 1212 stantes
772 1134 1025 1212 incumberent.
1075 1134 1164 1208 Idem
1186 1134 1224 1208 id

236 1260 382 1332 Servius.

285 1383 354 1454 Ac
359 1377 473 1455 statim
491 1375 646 1476 fugitivi,
664 1397 787 1452 contra
803 1395 1021 1476 preceptum
1037 1375 1207 1468 dudem
1170 1401 1222 1450 ra·

237 1525 320 1598 pere
337 1499 381 1572 ad
399 1499 559 1596 stuprum
573 1498 739 1598 virgines,
770 1497 1024 1596 matronasque.
1063 1498 1198 1572 Nonius.

284 1621 425 1721 Quibus
454 1647 475 1696 ι
505 1606 823 1720 Sertorio'triplices
839 1618 969 1696 infidiae
993 1619 1222 1716 peridoneus

235 1741 338 1816 saltus
357 1745 474 1840 pofitae
491 1763 614 1816 erant:
646 1740 775 1840 prime,
807 1767 886 1840 quae
913 1740 1012 1814 fonte
1044 1741 1223 1816 venientes

235 1865 422 1963 exciperet.
473 1867 568 1936 Serv.

284 1987 415 2084 Ingens
431 1985 501 2082 ipse
519 1984 663 2074 virium,
684 2005 791 2084 atque
807 1983 926 2060 animi.
960 1983 1146 2076 Amstanus.

284 2110 427 2180 Locum
445 2107 597 2196 nullum,
627 2106 690 2180 nist
719 2106 757 2180 in
784 2132 856 2204 quo
872 2103 997 2182 armati
1017 2103 1223 2180 institilsent.
1320 2175 1321 2180 ,

235 2229 335 2300 Idem.
1320 2237 1321 2246 ’

286 2354 337 2422 Αι
374 2347 513 2444 Oppius
543 2348 727 2482 postquam
753 2373 857 2438 orans
885 2349 973 2424 nihil
998 2347 1221 2448 proficiebat,

234 2469 358 2544 timide
376 2469 470 2547 veste
488 2472 622 2544 tedium
640 2469 834 2568 pugionem
867 2471 1036 2569 expedire
1061 2489 1221 2559 conatus,

234 2591 400 2681 aCotta,
432 2590 631 2690 Vulcioque
658 2590 861 2690 impeditur.
914 2592 1046 2666 Nonius.
1065 2591 1224 2690 Pugioesi
1260 2689 1266 2696 υ
1319 2577 1320 2584 ¹

232 2715 340 2792 brevis
359 2713 499 2809 glaalus.

283 2831 477 2931 Castrisque
502 2833 664 2923 collatis,
681 2861 818 2935 pugna
816 2854 949 2910 tamen
976 2833 1121 2934 ingenio
1150 2749 1219 2910 ioci

233 2955 494 3052 prohibebatur.
545 2955 644 3028 Idem.

283 3076 350 3148 Sed
376 3075 565 3172 Pompeius
598 3103 618 3150 ι
643 3077 755 3173 prima
784 3077 1028 3170 adolescentia,
1063 3078 1221 3152 sermone
1317 3063 1318 3084 .

233 3195 425 3286 fautorum,
438 3195 584 3272 similem
602 3197 676 3272 fore
692 3198 725 3272 se
743 3201 885 3274 credens
902 3203 1111 3276 Alexandro
1128 3201 1218 3301 regi,

184 3393 194 3410 Ι,
233 3317 324 3392 faeie
337 3315 562 3415 consultaque
576 3316 647 3417 ejus
666 3319 811 3418 quidem
823 3325 970 3397 aemulus
984 3343 1067 3396 erat.
1083 3324 1218 3398 Nonius.

282 3438 422 3514 Dubius
451 3438 594 3513 confilii.
647 3441 835 3532 Arustanus.

281 3561 363 3636 Post
390 3559 546 3634 reditum
562 3585 699 3653 eorum,
725 3562 855 3661 quibus
877 3563 1013 3643 senatus
1039 3567 1122 3644 belli
1147 3569 1218 3698 Le·

235 3680 355 3781 pidani
374 3682 524 3782 gretiam
540 3679 681 3760 fecerat.
728 3686 846 3760 Idem.
925 3681 927 3689 ‘
