2668 4698
144 359 314 433 Conana
332 357 501 431 Lucrum
518 357 699 432 Sanctum
718 359 971 436 Carrtrunnr.
1023 385 1092 462 307

114 559 183 606 um
201 557 374 624 meorum,
405 531 596 607 institutam
614 533 795 633 diligentia
826 560 917 626 mea,
942 535 1094 638 meisque

117 651 310 732 rationibus
339 653 509 756 eruditam
540 654 732 728 dimicandi
758 653 986 730 sacultatem'?
1011 659 1092 728 Ma-

110 769 204 870 jores
222 793 339 848 contra
355 773 405 850 tui
422 774 565 850 summis
581 801 603 847 a
620 799 677 847 me
699 775 889 866 beneficiis,
906 795 1012 872 atque
1029 775 1092 846 ho-

116 893 261 968 noribus
278 895 384 986 audi,
413 921 476 993 pro
501 895 742 994 magnitudine
758 893 988 994 susceptarum
1012 893 1092 992 dig·
1123 957 1130 963 .

118 1013 280 1106 nitatum,
301 1015 549 1114 pulcherrimas
565 1017 601 1088 in
618 1019 704 1089 urbe
720 1015 953 1114 saepenumero
971 1017 1090 1114 leges:

118 1160 183 1231 pro
204 1136 397 1233 praestantia
413 1136 677 1228 beneficiorum,
696 1137 890 1211 clarissimas
916 1163 961 1210 ex
989 1135 1093 1210 hosti·
1169 1138 1171 1142 ’

119 1257 184 1330 bus
201 1255 363 1331 viatoria
391 1254 524 1352 referre
542 1257 769 1332 consuerunt:
799 1279 837 1332 tu
866 1258 952 1332 mihi
978 1259 1092 1330 ludius

115 1376 345 1450 acerbiffimos
364 1403 475 1482 paras,
494 1405 559 1476 pro
576 1379 710 1452 summa
728 1379 827 1476 copia
842 1378 1093 1455 beneficiorum

115 1521 292 1588 meorum,
314 1517 353 1572 tu
370 1500 481 1572 caedes
498 1498 643 1588 civium,
662 1520 701 1573 tu
717 1501 905 1572 domorum
918 1499 1092 1590 incendia,

116 1637 154 1692 tu
183 1617 385 1692 vexationes
413 1619 605 1718 virginum,
635 1639 674 1693 tu
702 1619 895 1694 vastitatem
923 1619 1032 1710 urbis,
1054 1639 1093 1696 tu

116 1763 227 1836 genus
255 1738 467 1812 atrocissrmae
499 1737 679 1813 servitutis.
757 1743 791 1817 Ο
824 1741 1094 1814 crudeliffimum

114 1857 301 1932 hominum
331 1885 455 1957 genua,
486 1863 581 1934 &ab
597 1860 695 1935 omni
710 1861 856 1958 penitus
883 1853 1094 1934 humanitate

113 1979 334 2070 derelictum,
357 1999 398 2053 tu
414 1979 528 2052 studio
546 1984 669 2080 flagras
685 1979 756 2079 ejus
773 1981 869 2055 urbis
882 1982 1092 2070 evertenda,

114 2125 225 2197 quam
253 2125 319 2173 nec
336 2084 672 2200 Carthaginiensium
701 2101 889 2175 astutissimi
917 2101 1004 2192 doli,
1028 2127 1094 2177 nee

113 2215 415 2296 Numantinorum
432 2222 570 2296 eximiae
591 2223 693 2312 vires,
713 2248 776 2297 nec
795 2221 1001 2300 Grae‘corum
1018 2247 1093 2295 eru·

112 2341 188 2416 dita
210 2341 266 2441 [a
292 2344 475 2442 praeclara]
502 2343 641 2443 ingenia
668 2343 872 2419 labefactare
894 2361 1092 2442 potuerunt.
1198 2431 1206 2452 Ι

13 2491 15 2500 ’
113 2464 222 2561 Qrod
240 2467 264 2538 sr
281 2445 433 2540 citentur
458 2465 495 2538 hi
521 2464 646 2563 populi
675 2463 807 2539 rursum
836 2465 1018 2555 divinitus,
1043 2483 1093 2538 at.

112 2609 182 2682 que
198 2583 267 2660 istae
284 2587 387 2662 urbes
403 2585 546 2658 redeant
563 2585 600 2658 in
617 2585 744 2659 statum
760 2585 990 2658 vetustiffimae
1012 2583 1092 2681 dig·

13 2713 14 2718 ’
112 2705 242 2796 nitatis,
274 2724 366 2780 certe
383 2731 456 2780 non
468 2704 541 2803 ipso
558 2704 679 2780 scelere
696 2725 758 2778 tuo
773 2705 964 2803 quicquam
981 2704 1017 2777 in
1034 2729 1092 2780 me

112 2824 299 2917 crudelius,
333 2851 398 2902 nec
434 2825 626 2926 quicquam
648 2825 770 2924 ¹magis
798 2823 1121 2903 extimescendum

112 2945 295 3020 moliturae
311 2946 409 3020 fuisse
427 2947 677 3045 praedicabunt.
727 2947 794 3020 Sed
810 2947 855 3019 ad
872 2963 906 3018 te
922 2946 1037 3018 redeo.

161 3067 300 3142 XXVI.
322 3069 577 3166 Temperarem
593 3093 661 3166 ego
679 3087 810 3141 memet
822 3065 921 3176 mihi,
936 3065 1091 3140 cursum·

112 3211 183 3285 que
207 3177 311 3260 istum
336 3187 498 3277 violenta
523 3188 686 3262 orationis
719 3185 1091 3296 forsanrevocandum

112 3309 182 3380 effe
191 3305 402 3405 judicarem,
420 3328 497 3382 tum
515 3311 560 3382 ab
577 3309 659 3381 odio
671 3327 748 3399 tun,
770 3324 847 3383 tum
871 3311 916 3382 ab
938 3305 1010 3404 ipsa
1036 3305 1091 3380 di-

110 3428 214 3504 cendi
243 3427 440 3519 acerbitate,
467 3433 616 3526 siquem
632 3429 668 3502 in
685 3449 719 3502 te
735 3428 868 3503 sensum
893 3425 1008 3525 pattiae
1034 3452 1092 3498 ca„

110 3547 218 3621 ritatis
247 3546 448 3646 aspicerem,
476 3569 536 3622 aut
561 3551 634 3623 ullo
663 3569 698 3622 te
727 3551 858 3646 pundto
881 3542 975 3645 pulle
998 3547 1089 3622 arbi·
1128 3543 1131 3550 ’

110 3686 220 3742 trarer
241 3668 441 3744 sceleratam
469 3670 567 3743 istam
595 3689 750 3742 mentem
768 3667 972 3764 relinquere.
1022 3667 1089 3746 Sed

111 3787 147 3866 id
173 3813 284 3894 genus
311 3789 359 3866 est
386 3789 618 3890 cupiditatum
634 3809 786 3879 tuarum,
811 3809 851 3862 ut
873 3787 1087 3897 restinguen-

622 3908 703 3990 Xa
