2672 4682
409 335 730 435 Juountnn.
828 405 833 424 ι
1045 363 1088 442 73

96 521 134 558 “
149 513 299 588 eniterer
313 510 422 593 ¹domi
455 512 660 613 militiaque
687 538 795 612 quarn
817 523 987 587 'maxumo
1014 512 1091 588 usui

102 643 135 679 “
153 637 217 709 effe
238 633 377 732 populo
406 636 585 710 Romano.
636 639 712 738 Voc
736 633 824 708 mihi
843 649 1087 731 cognatorum,

102 763 135 804 ‘⁸
154 783 215 830 vos
232 755 271 828 in
288 753 462 828 adfinium
473 756 592 830 locum
606 757 796 830 ducerem:
823 759 846 828 sr
864 781 905 828 ea
921 752 1088 848 feciffem,

100 885 133 922 “
146 877 181 950 in
193 877 309 951 vestra
325 875 479 950 amicitia
491 876 698 968 exercitum,
715 856 867 966 divitias,
886 874 1089 950 munimen·

100 1005 130 1042 “
146 1018 182 1072 ta
200 997 303 1098 regni
318 1000 459 1072 habere.
510 1002 601 1096 Qrae
618 1025 701 1104 cum
720 999 917 1106 [praecepta
936 994 1089 1092 parentis

100 1129 131 1166 “
148 1120 240 1219 mei]
293 1119 463 1218 agitarem
475 1149 486 1206 ;
523 1122 715 1219 Jugurtha,
769 1121 877 1192 homo
912 1115 1088 1210 omnium,

100 1249 129 1290 “
148 1267 241 1340 quos
282 1261 373 1316 terra
397 1239 552 1332 sustinet,
578 1239 875 1331 sceleratiffurnus,
909 1258 1090 1318 contemto
1182 1313 1185 1322 ,

99 1371 128 1414 “
147 1361 298 1459 imperio
315 1361 445 1451 vestro,
469 1362 656 1436 Mafiniffae
673 1388 731 1436 me
748 1381 929 1459 nepotem,
957 1364 990 1434 &
1012 1357 1089 1457 jam

99 1487 197 1558 “ab
224 1483 328 1580 stirpe
352 1482 484 1558 socium
508 1487 541 1560 &
567 1482 720 1556 amicum
749 1485 881 1581 populo
918 1485 1088 1556 Romano
1165 1508 1168 1513 ·

98 1613 132 1650 “
148 1631 257 1704 regno
273 1603 491 1702 fortunisque
509 1604 674 1679 omnibus
692 1603 838 1701 expulit.
865 1608 1087 1701 AtqueegO,

97 1734 126 1772 “
144 1729 265 1800 Patres
281 1725 480 1822 conscripti,
500 1726 668 1824 quoniam
703 1751 745 1798 eo
771 1715 984 1796 miseriarum
1001 1749 1087 1832 tren-
1129 1699 1132 1712 ⁴

98 1854 129 1902 -“
148 1865 246 1920 turus
263 1873 372 1937 eram,
398 1847 541 1937 vellem,
572 1846 688 1944 potius
713 1848 760 1920 ob
782 1870 875 1934 mea,
904 1832 1014 1945 quam
1039 1847 1087 1918 ob

97 1966 324 2068 “majorum
356 1967 526 2055 beneficia
553 1969 649 2064 polle
677 1965 851 2041 auxilium
880 1983 1020 2062 petere3
1045 1987 1100 2039 ac‘

97 2097 128 2143 “
147 2113 323 2164 maxume
339 2091 455 2164 deberi
468 2089 555 2164 mihi
572 2116 592 2162 a
609 2089 743 2186 populo
761 2070 941 2177 Romano,
961 2085 1088 2184 quibus

95 2219 127 2256 “
147 2233 222 2284 non
236 2236 372 2310 egerem
387 2241 398 2298 ;
421 2209 612 2286 secundum
625 2235 678 2300 ea,
697 2213 721 2282 fi
739 2209 963 2289 desideranda
975 2228 1086 2299 erant,

25 2349 28 2368 '
94 2341 126 2390 tt
139 2333 198 2408 -uti
224 2333 351 2407 debitis
379 2352 504 2406 uterer.
565 2333 633 2406 Sed
658 2331 826 2432 quoniam
858 2357 982 2434 parurn
1010 2349 1087 2404 tuta

96 2462 127 2503 “
143 2480 205 2554 per
222 2453 257 2528 se
275 2453 350 2552 ipsa
364 2454 532 2552 probitas,
559 2479 674 2552 neque
699 2452 786 2532 mihi
810 2452 853 2526 in.
872 2455 980 2527 manu
1003 2450 1085 2541 fuit,
1162 2537 1164 2549 Α

97 2577 327 2674 “jugurtha
357 2560 468 2673 qualis
486 2573 597 2650 foret:
625 2577 671 2652 ad
699 2601 762 2650 vos
787 2573 946 2672 confugi,
968 2575 1087 2646 Patres

97 2703 125 2740 “
143 2694 349 2794 conscripti,
384 2695 526 2795 quibua
563 2697 661 2794 quod
690 2694 950 2782 miserrumum,
977 2717 1087 2791 cogor
1160 2719 1161 2724 ’

9 2917 11 2920 ¹
98 2825 126 2860 “
145 2818 254 2916 prius'
270 2817 382 2908 oneri,
408 2843 516 2916 quam
539 2817 614 2897 usui
637 2818 721 2910 effe.⁴
765 2814 881 2888 Ceteri
897 2839 1009 2912 reges,
1028 2832 1088 2887 aut

98 2941 239 3014 “bello
255 2938 341 3012 vicli
362 2937 399 3016 in
416 2937 608 3012 amicitiam
641 2963 662 3010 a
685 2937 785 3012 vobis
799 2935 944 3034 recepti,
968 2953 1027 3010 aut
1049 2935 1087 3012 in

97 3066 124 3103 “
139 3058 210 3135 suis
235 3059 351 3134 dubiis
381 3062 486 3138 rebus
515 3058 714 3151 societatem
737 3057 887 3136 vestram
904 3059 1084 3156 adpetive-

97 3187 123 3223 “
139 3170 237 3256 runt.
315 3181 463 3254 Familia
499 3181 614 3254 nostra
646 3208 727 3256 cum
755 3183 890 3280 populo
919 3184 1086 3256 Romano
1141 3170 1144 3180 ’

57 3297 61 3311 ’
97 3305 237 3378 “bello
263 3301 536 3402 Carthaginiensr
568 3301 760 3376 amicitiam
798 3301 943 3378 instituit
956 3331 973 3400 :¹
1014 3325 1087 3396 quo

98 3429 124 3482 -“
141 3444 307 3522 tempore
324 3422 437 3522 magis
455 3423 542 3496 fides
556 3420 642 3522 ejus,
657 3449 765 3522 quarn
778 3422 917 3498 fortuna
937 3420 1087 3519 petenda

99 3547 127 3596 “
143 3565 225 3618 erat.
288 3548 455 3642 Qrorum
486 3544 695 3650 progeniem
734 3571 811 3634 vos,
848 3546 966 3616 Patres
1001 3566 1086 3615 con·

98 3669 126 3728 f‘
142 3663 275 3764 scripti,
303 3663 413 3738 nolite
426 3666 499 3762 pati
517 3664 638 3740 frustra
660 3693 680 3738 a
704 3665 805 3739 vobis
827 3663 1000 3738 auxilium
1025 3689 1085 3762 pe-

98 3789 225 3872 l‘tetc.
291 3785 327 3871 Si
353 3788 399 3862 ad
429 3785 691 3888 impetrandum
713 3785 799 3872 nihil
823 3784 947 3867 cauffae
977 3786 1086 3870 habe.
