2672 4682
522 367 826 456 CATILINA.
950 370 955 386 .
1094 386 1235 464 21⁴

148 552 233 626 uiffe
252 550 409 638 dicitur3
436 551 599 626 mulieres
617 553 723 628 etiam
744 555 893 654 aliquot,
918 583 999 656 quae
1025 557 1141 657 primo

149 671 296 772 ingentis
313 671 449 746 sumtus
466 673 589 772 stupro
599 675 761 774 ‚corporis
778 678 1009 750 toleraverant
1026 707 1033 750 :
1064 680 1142 777 post
1228 766 1231 773 ,

148 794 207 868 ubi
217 815 300 868 aetas
312 797 565 869 tantummodo
584 797 745 894 quaestui‚
773 825 890 897 neque
902 785 1049 872 luxuria
1062 826 1139 873 mo·

54 1015 56 1019 ¹
145 915 233 989 dum
268 915 410 1006 fecerat,
453 939 499 990 aes
532 917 687 991 alienum
721 918 852 1018 grande
885 923 1137 999 conflaverant.

144 1033 211 1110 Per
227 1063 284 1111 eas
303 1036 343 1110 *se
367 1037 517 1111 Catilina
543 1040 709 1114 credebat
734 1043 828 1138 posse
852 1026 990 1114 servitia
1006 1045 1139 1118 urbana

144 1155 343 1248 sollicitare,
370 1163 496 1244 urbem
513 1160 714 1251 incendere,
741 1159 834 1234 viros
852 1185 972 1236 earum
995 1163 1053 1236 vel
1075 1165 1136 1238 ad-

143 1275 289 1378 iungere
306 1281 382 1370 fibi,
410 1282 467 1354 vel
484 1281 686 1356 interficere.

193 1404 313 1476 XXV.
334 1405 410 1476 Seri
434 1403 470 1476 in
492 1401 546 1476 his
569 1425 643 1476 erat
667 1403 887 1502 Sempronia,
924 1431 1003 1504 quae
1027 1409 1147 1492 multa¹

144 1519 231 1621 saepe
260 1524 367 1598 virilis
395 1525 550 1598 audacia
579 1522 733 1598 facinora
760 1526 991 1601 commiserat.
1040 1532 1136 1607 Haec

104 1687 105 1690 π
143 1645 272 1719 mulier
290 1671 419 1745 genere
437 1667 542 1744 atque
559 1645 685 1738 forma,
714 1667 875 1744 praeterea
898 1649 988 1741 viro,
1017 1646 1146 1726 liberii.
1208 1638 1209 1644 ἵ

142 1765 220 1840 satis
238 1766 438 1843 fortunata:
467 1767 589 1841 litteris
613 1767 745 1842 Graecis
771 1789 876 1867 atque
895 1771 1032 1844 Latinis
1048 1775 1139 1848 doc·x

144 1905 204 1959 ta:
231 1886 389 1986 psallere,
418 1889 536 1970 saltare
554 1889 762 1988 elegantius,
794 1916 901 1988 quam
928 1895 1061 1966 necesse
1087 1897 1136 1970 est

124 2012 292 2107 1·probae:
322 1989 521 2101 multaalia,
547 2011 1039 2108 quaeinstrumentaluxuriae.
1066 2017 1135 2090 Sed

142 2129 176 2202 ei
194 2129 327 2206 cariora
343 2131 475 2231 semper
491 2131 625 2223 omnia,
655 2159 762 2232 quam
779 2133 885 2210 decus
902 2156 1008 2234 atque
1029 2137 1134 2236 pudi-

142 2251 223 2326 citia
248 2249 331 2326 suit:
360 2253 518 2350 pecuniae
532 2281 577 2327 an
590 2251 824 2330 samae'minus
838 2278 1007 2354 parceret,
1036 2259 1132 2334 haud

139 2373 242 2448 facile
255 2375 480 2449 decerneres:
505 2375 629 2450 lubido
648 2381 692 2450 fic
709 2377 863 2470 accensa,
887 2397 926 2451 ut
939 2376 1060 2476 saepius
1071 2407 1133 2478 pe·

137 2517 227 2569 teret
244 2496 355 2588 viros,
385 2525 493 2596 quam
512 2519 696 2596 peteretur.
747 2501 815 2573 Sed
828 2525 868 2573 ea
880 2497 970 2597 saepe
987 2505 1133 2578 antehac

138 2619 249 2692 fidem
262 2619 476 2717 prodiderat,
497 2620 669 2694 creditum
682 2620 915 2719 abjuraverat,
933 2622 1036 2695 caeclis
1047 2649 1132 2696 con-

139 2737 206 2814 scia
231 2738 357 2831 suerat,
384 2741 522 2815 luxuria
548 2761 654 2840 atque
682 2739 801 2838 inopia
818 2765 973 2838 praeceps
990 2742 1131 2818 abierat.

34 2879 40 2886 '
140 2863 272 2937 Verum
296 2861 480 2964 ingenium
499 2862 571 2962 ejus
588 2865 683 2936 haud
700 2861 908 2947 absurdum;
937 2863 1030 2958 posse
1053 2889 1131 2937 ver·

138 2981 191 3058 sus'
209 2985 337 3080 facere,
357 2983 481 3084 jocum
496 3011 652 3076 movere,
679 2985 838 3058 sermone
854 2983 906 3058 uti
922 2985 980 3057 vel
993 2986 1130 3060 modes·

138 3126 189 3196 to,
221 3109 279 3180 vel
307 3107 423 3198 molli,
454 3110 513 3181 vel
538 3107 687 3206 procaci.
738 3103 881 3180 Prorsus
899 3107 1020 3180 multae
1038 3105 1129 3182 face·
1197 3140 1200 3146 ·

138 3227 194 3300 tiae
215 3227 414 3327 multusque
431 3231 529 3327 lepos
547 3229 664 3302 inerat.

186 3350 328 3425 XXVI.
359 3353 439 3424 His
468 3353 572 3424 rebus
599 3349 821 3449 comparatis,
852 3351 1002 3425 Catilina
1019 3349 1130 3424 nihilo

139 3471 253 3546 minus
271 3471 308 3546 in
327 3499 543 3570 proxumum
563 3500 695 3546 annum
712 3471 942 3547 Consulatum
960 3475 1101 3571 petebat
1116 3503 1127 3561 ;

138 3588 287 3688 sperans,
317 3591 340 3666 sr
365 3595 563 3693 designatus
587 3592 689 3686 foret,
715 3594 816 3669 facilc
832 3593 866 3669 se
882 3621 928 3668 ex
949 3595 1131 3670 voluntate

136 3717 296 3790 ‘Antonio
311 3713 464 3789 usurum.
516 3717 645 3815 Neque
662 3717 789 3790 interea
805 3717 941 3815 quietus
956 3736 1044 3808 erat,
1069 3716 1128 3792 sed
1162 3751 1170 3762 ¹
1272 3738 1277 3748 “

133 3837 302 3917 omnibus
329 3837 444 3912 modis
461 3837 599 3912 insidias
618 3841 760 3936 parabat
776 3837 949 3918 Ciceroni.
999 3841 1129 3937 Neque

510 4028 521 4038 ,,
593 3961 672 4060 C3
