2672 4682
112 472 205 608 C.
263 471 339 592 C.
405 473 1085 639 SALLUSTH

151 729 459 860 'natiuit
496 763 1039 901 Jucuntuiuun.

299 1168 890 1210 -ψϋ

110 1366 315 1518 LFALso
346 1425 501 1526 queritur
528 1429 720 1504 denatura
747 1425 807 1502 sua
837 1447 946 1526 genus
969 1426 1095 1508 huma-

110 1578 211 1641 num,
240 1552 339 1648 quod
356 1549 532 1622 imbecilla
549 1569 653 1647 atque
671 1548 737 1622 aevi
756 1551 868 1621 brevis
885 1546 975 1622 forte
1002 1555 1093 1650 poti-

109 1700 163 1762 us,
183 1699 294 1770 quam
311 1671 439 1744 virtute
456 1692 606 1768 regatur.
656 1672 754 1744 Nam
772 1690 905 1772 cantra,
930 1678 1094 1769 re‘putan·

108 1795 173 1883 du,
192 1817 306 1890 neque
325 1789 436 1888 majus
457 1791 567 1881 aliud,
593 1796 708 1888 neque
722 1789 946 1888 praestabiliu5
960 1791 1094 1868 inveni.

109 1941 158 2004 as,
189 1912 371 2010 magisque
395 1932 529 1986 naturae
546 1911 748 1986 industriam
766 1913 964 2000 hominum,
987 1939 1095 2010 quam

110 2036 203 2123 vim,
234 2053 296 2106 aut
323 2054 459 2130 tempus
484 2035 608 2107 deesse.
658 2034 726 2108 Sed
750 2030 826 2106 dux
849 2051 954 2131 atque
982 2033 1093 2133 impe-

109 2176 208 2229 rator
225 2154 305 2228 vitae
323 2156 520 2228 mortalium
538 2155 675 2252 animus
692 2155 764 2228 est:
797 2153 858 2252 qui
873 2154 934 2243 ubi
951 2156 996 2228 ad
1015 2159 1093 2256 glo-

108 2277 198 2351 riam
227 2275 364 2349 virtutis
392 2278 449 2349 via
479 2281 659 2374 grassatur,
686 2279 827 2350 abunde
856 2261 992 2374 pollens
1029 2307 1094 2377 po·
1196 2259 1197 2264 ἵ

110 2398 253 2496 tensque
273 2403 307 2471 &
326 2400 437 2472 clarus
455 2399 515 2488 est,
535 2425 648 2497 neque
665 2396 814 2472 fortuna
832 2417 932 2496 eget:
961 2397 1094 2498 quippe

111 2521 336 2618 probitatem,
370 2520 586 2610 industriam,
622 2520 703 2592 alias
732 2520 811 2592 artis
840 2523 949 2594 bonas
977 2547 1093 2618 neque

112 2644 204 2733 dare,
225 2667 342 2740 neque
361 2641 491 2738 eripere
510 2642 633 2740 potest.
684 2641 744 2713 Sin
754 2631 880 2736 ‘captus
897 2641 1012 2736 pravis
1029 2667 1091 2714 cu·
1177 2719 1179 2724 ,

115 2762 290 2859 pidinibus
309 2765 354 2836 ad
371 2763 529 2836 inertiam
552 2765 589 2834 &
612 2761 800 2859 voluptatis
828 2761 982 2856 corporis
1017 2760 1092 2858 pes-

113 2882 182 2958 sum
199 2886 304 2958 datus
322 2885 388 2958 est:
417 2882 604 2980 perniciosa
620 2881 778 2957 lubidine
791 2880 974 2979 paullisper
991 2881 1091 2972 usus3

114 3007 169 3082 ubi
199 3033 264 3103 per
291 3003 482 3080 secordiam
508 3005 612 3094 vires,
638 3025 791 3101 tempus,
820 3003 1004 3102 ingenium
1030 3008 1093 3079 de-

115 3130 255 3218 fluxere,
282 3148 412 3202 naturae
438 3127 618 3205 infirmitas
646 3125 848 3200 accusatur:
873 3123 969 3198 suam
999 3127 1091 3226 quis-

116 3275 177 3346 que
196 3251 341 3346 culpam
359 3251 514 3322 auetores
533 3250 576 3321 ad
589 3247 730 3346 negotia
747 3246 968 3322 transferunt.
984 3250 1094 3346 Quod

117 3373 134 3441 fi
164 3370 372 3446 hominibus
407 3373 579 3444 bonarum
613 3397 729 3442 rerum
760 3388 855 3444 tanta
883 3395 963 3442 cura
990 3371 1089 3459 effet,

119 3514 243 3588 quanto
265 3493 379 3566 studio
402 3491 513 3564 aliena
537 3519 577 3566 ac
602 3491 689 3565 nihil
703 3490 895 3590 profutura,
919 3490 1089 3564 multum-

119 3637 177 3710 que
206 3615 314 3688 etiam
344 3613 531 3712 periculosa
559 3633 706 3713 petunt;
742 3637 856 3710 neque
888 3630 1091 3708 regerentur

119 3735 234 3836 nugis,
263 3762 371 3835 quam
392 3755 550 3836 regerent
577 3733 685 3827 casus,
715 3739 748 3810 δι
773 3759 816 3808 eo
840 3731 1091 3830 magnitudinis
