2664 4692
308 363 354 436 Iu
379 363 438 435 M
463 359 590 434 Tuta.
617 361 875 434 C1cnaouru.
947 317 950 322 Ι
1023 351 1093 458 263
1169 418 1174 424 .

115 551 290 632 didicisti?
344 561 467 657 Itaque
483 559 642 633 minume
670 559 874 634 mirandum
905 557 966 648 est,
998 561 1097 657 quod
1127 602 1130 620 ·

113 704 192 754 eam
222 678 390 778 flagitiose
407 681 579 770 venditas,
607 707 714 778 quam
735 681 943 777 turpissume
956 681 1095 776 parasti.

117 801 261 890 Vemm,
287 822 327 874 ut
351 801 489 898 opinor,
517 799 680 898 splendor
707 801 915 874 domesticus
942 799 1007 872 tibi
1022 801 1095 874 ani·
1205 798 1207 809 '

12 971 14 982 ·
115 922 355 1012 mosattollit3
383 922 665 1020 uxor'sacrilega,
692 947 732 994 ac
745 919 903 1019 perjuriis
920 921 1095 1006 delibuta;
1201 904 1206 912 Χ

115 1039 186 1117 filia
214 1040 334 1114 matris
369 1043 499 1138 pellex,
532 1041 596 1116 tibi
618 1041 825 1140 jucundior,
861 1064 967 1140 atque
998 1039 1097 1114 obse-

114 1161 292 1258 quentior,
320 1143 427 1260 quam
446 1161 588 1260 parenti·
607 1189 668 1260 par
694 1163 755 1236 est.
805 1165 966 1238 Domum
988 1159 1098 1258 ipsam

114 1301 210 1354 tuam
233 1281 284 1372 vi,
313 1287 347 1354 sla
376 1283 517 1380 rapinis,
543 1281 716 1358 funestam
739 1283 803 1357 tibi
828 1309 868 1356 ac
890 1283 970 1372 tuis,
998 1307 1096 1354 com-

117 1402 265 1499 parasti:
294 1401 458 1478 videlicet
485 1404 535 1476 uti
564 1431 628 1476 nos
657 1402 964 1494 commonefacias,
991 1402 1099 1504 qu'am
1129 1487 1135 1504 ι

117 1521 285 1596 conversa
302 1527 340 1596 fit
359 1523 445 1621 resp.
463 1550 546 1598 cum
564 1524 600 1596 in
619 1551 658 1598 ea
675 1514 793 1598 ‘domo
821 1524 1006 1613 habitares,
1034 1525 1098 1596 ho-

117 1627 175 1717 mo
192 1643 477 1742 flagitiofill'ume,
505 1671 583 1744 quae
607 1645 647 1718 P.
665 1646 785 1736 Cralli,
813 1644 878 1716 viri
902 1643 1098 1730 consularis,

116 1760 191 1837 fuit.
218 1769 341 1862 Atque
357 1765 435 1840 haec
453 1791 534 1839 cum
546 1766 598 1838 lta
617 1770 697 1852 fint3
725 1787 844 1839 tamen
857 1765 979 1839 Cicero
996 1767 1028 1838 se
1045 1765 1097 1836 di-

116 1884 215 1962 citin
232 1885 384 1958 concilio
411 1887 559 1960 deorum
590 1885 844 1959 immortalium
867 1884 991 1972 fuisse3
1018 1885 1100 1957 inde

77 2073 79 2076 .
115 2004 257 2078 'millum
275 2005 357 2079 huic
387 2005 490 2079 urbi:
520 1991 723 2105 civibusque
752 2005 945 2096 custodem,
973 2000 1117 2102 absque

15 2185 16 2194 ,
116 2125 286 2200 carnificis
314 2126 473 2218 nomine,
499 2127 561 2226 qui
590 2127 737 2202 civitatis
766 2127 1035 2201 incommodum
1064 2126 1101 2200 in
1178 2163 1183 2178 ¹

119 2246 266 2346 gloriam
281 2247 379 2322 fuam
397 2248 509 2346 ponit.
547 2253 653 2348 Quasi
672 2257 756 2324 ve'ro
779 2274 850 2323 non
868 2249 960 2324 illius
977 2245 1100 2344 conju-

117 2368 257 2442 rationis
275 2371 390 2444 caussa
419 2368 522 2444 suerit
553 2371 749 2446 consulatus
780 2393 883 2459 tuus3
912 2378 945 2445 ἃ
969 2369 1101 2443 idcirco

118 2489 204 2588 resp.
222 2489 368 2589 disjecta
384 2517 426 2564 eo
443 2511 618 2590 tempore,
647 2519 719 2592 quo
735 2515 772 2566 te
790 2494 972 2582 custodem
990 2495 1097 2564 habe-

119 2615 187 2714 bat.
237 2612 320 2701 Sed,
334 2631 373 2684 ut
390 2613 530 2710 opinor,
557 2613 615 2686 illa
632 2635 666 2687 te
681 2615 792 2712 magis
806 2616 993 2701 extollunt,
1022 2636 1100 2708 quae

119 2734 193 2830 post
210 2731 429 2808 consulatum
447 2761 532 2808 cum
548 2735 711 2808 Terentia
733 2760 842 2808 uxore
859 2735 904 2805 de
919 2755 992 2828 rep,
1018 2757 1102 2804 con-

117 2853 263 2945 suluisti,
290 2881 372 2928 cum
389 2855 476 2954 legis
488 2855 632 2929 Plautiae
641 2855 775 2954 judicia
791 2854 889 2928 domi
902 2851 1098 2926 faciebatis:

15 3071 16 3078 ἵ
118 3001 161 3048 ex
177 2972 365 3073 conjuratis
393 2976 478 3048 alios
500 2999 627 3066 morte,
654 2977 739 3050 alios
757 2976 905 3074 pecunia
927 2975 1101 3064 ,condem-

118 3099 249 3171 nabas:
275 3121 362 3170 ,cum
379 3096 442 3170 tibi
460 3097 547 3170 alius
561 3097 812 3188 Tusculanam,
833 3099 919 3172 alius
932 3097 1099 3195 Pompei-

58 3257 63 3280 κ
119 3245 221 3294 anam
252 3217 374 3290 villam
412 3219 619 3308 aedisicabat,
647 3207 733 3294 alius
761 3223 910 3294 domum
937 3221 1099 3292 emebat:

119 3339 179 3437 qui
198 3365 283 3415 vero
308 3339 396 3410 nihil
426 3341 576 3437 poterat,
605 3340 633 3413 is
662 3364 734 3415 erat
760 3342 942 3415 calumniae
971 3366 1103 3437 proxu-

119 3483 211 3552 mus,
240 3460 269 3538 is
298 3481 356 3532 aut
383 3461 534 3534 domum
563 3481 661 3534 tuam
684 3483 930 3560 oppugnatum
948 3482 1102 3548 venerat,

119 3603 178 3654 aut
207 3579 506 3680 infidias'senatui
538 3581 678 3671 fecerat,
716 3585 871 3680 denique
896 3584 947 3654 de'
971 3584 1012 3653 'eo
1041 3581 1102 3652 tibi

119 3724 343 3800 compertum
361 3724 442 3775 erat.
494 3705 583 3800 Quae
602 3707 624 3775 fi
642 3703 705 3776 tibi
722 3702 802 3775 salsa
818 3703 967 3800 objicio;
996 3705 1119 3777 redde.

14 3813 16 3828 ’
118 3823 304 3912 rationem,
333 3843 505 3928 quantum
524 3823 725 3922 patrimonii
743 3824 929 3926 acceperis,
958 3824 1042 3924 quid
1061 3827 1102 3902 ti-

478 3945 645 4038 ,84
