2664 4692
270 353 631 428 anomnunn.
673 350 834 426 Lrnl.
1011 361 1077 478 ι183

103 527 195 620 ratis,
233 553 297 626 per
320 527 466 602 taedium
490 526 566 626 jam
593 543 655 602 'aut
685 531 859 626 pudorem
876 529 1080 624 tyrannidis,

102 653 167 724 elle
186 675 270 724 eum
289 675 351 747 per
367 646 476 728 scelus
493 670 664 748 occupata
689 651 910 748 periculosius
925 648 1080 722 dimissu·

102 797 191 846 rum.
244 775 293 844 At
322 770 380 844 ille
414 796 456 844 eo
487 774 656 868 proceffit,
686 771 737 844 uti
763 770 850 842 nihil
878 768 1081 868 gloriosum,

103 892 162 966 nisr
182 911 312 983 tutum,
333 891 508 966 &omnia
533 891 722 971 retinendae
753 889 1000 964 dominationis
1020 883 1098 962 ho-'

104 1013 198 1086 nesta
214 1013 410 1086 existumet.
460 1014 584 1110 ltaque
600 1011 658 1085 illa
675 1011 771 1110 quies
801 1017 834 1085 δι
865 1011 977 1086 otium
1002 1037 1085 1084 cum

103 1134 278 1225 libertate,
310 1159 387 1232 quae
411 1134 513 1208 multi
531 1133 632 1231 probi
649 1133 777 1230 potius,
797 1159 904 1231 quam
928 1133 1084 1206 laborem

103 1283 186 1330 eum
216 1255 424 1345 honoribus,
459 1257 691 1352 capellebant,
730 1256 825 1328 nulla
852 1252 941 1327 sunt.
1001 1255 1084 1327 Hac

100 1376 307 1473 tempestate
330 1375 568 1465 serviundum,
603 1395 661 1449 aut
693 1374 988 1472 imperitandum:
1023 1377 1084 1448 ha-

104 1499 242 1572 bendus
276 1517 401 1588 metus,
433 1517 492 1570 aut
527 1494 723 1586 faciundus,
761 1496 926 1594 Qrirites.
988 1497 1086 1570 Nam

105 1619 190 1716 quid
208 1620 327 1691 ultra?
357 1643 482 1716 quaeve
511 1619 665 1690 humana
686 1615 859 1712 superant,
889 1617 1086 1690 aurdivina

105 1737 292 1836 impolluta
309 1735 415 1812 sunt?
453 1740 605 1836 populus
636 1742 835 1828 Romanus,
867 1740 972 1834 paulo
1006 1759 1085 1812 ante

106 1859 266 1959 gentium
285 1859 497 1950 moderator,
516 1857 657 1933 exsutus
675 1858 835 1956 imperi0,
856 1857 980 1956 gloria,
992 1857 1085 1956 jure,

105 1980 260 2076 agitandi
282 1979 397 2077 inops,
425 1978 685 2078 despeiiusque,
707 2005 751 2052 ne
775 1977 912 2052 servilia
941 1978 1086 2076 quidem
1195 2049 1196 2054 ,

104 2101 272 2174 alimenta
288 2101 422 2198 reliqua
438 2102 554 2174 habet.
591 2101 774 2174 Sociorum
793 2103 827 2172 δι
845 2099 940 2196 Latii
956 2123 1086 2198 magna

104 2220 174 2312 vis,
201 2221 352 2316 civitate,
379 2247 442 2320 pro
469 2221 587 2296 multis
617 2225 650 2293 δε
686 2219 837 2320 egregiis
859 2219 956 2294 fadis
978 2248 999 2295 a
1022 2247 1085 2296 vo·

104 2342 157 2416 bis
176 2344 270 2433 dat'a,
307 2369 373 2440 per
398 2369 509 2416 unum
540 2343 787 2440 prohibentur:
822 2345 855 2414 &
885 2341 997 2439 plebis
1031 2341 1085 2415 in-

105 2462 220 2537 noxiae
251 2464 376 2562 patrias
405 2462 499 2536 sedes
527 2481 745 2561 occupavere
774 2463 876 2561 pauci
913 2462 1085 2555 satellites,

105 2584 305 2658 mercedem
337 2582 515 2663 scelerum.
566 2586 696 2682 LegeS,
721 2582 871 2681 judicia,
910 2583 1085 2672 aerarium,

78 2681 313 2802 'provinciae,
336 2730 450 2803 reges,
475 2729 580 2802 penes
597 2729 722 2793 unum,
739 2702 892 2799 denique
916 2702 1011 2775 necis
1038 2702 1087 2774 ci-

107 2826 221 2918 vium,
252 2831 285 2898 δι
315 2825 395 2899 vitae
426 2824 573 2900 licentia.
633 2823 744 2898 Simul
767 2824 937 2900 humanas
964 2819 1089 2895 hostias

107 2947 253 3037 vidistis,
279 2945 510 3045 &sepulchra
526 2943 652 3020 infedia
667 2942 833 3042 sanguine
851 2941 956 3016 civili.
985 2942 1090 3017 Estne

106 3068 187 3142 viris
223 3067 350 3166 reliqui
390 3067 500 3160 aliud,
525 3093 633 3164 quam
665 3065 800 3138 solvere
826 3061 1001 3162 injuriam,
1028 3085 1090 3138 aut

108 3190 198 3263 mori
217 3215 279 3287 per
296 3189 490 3262 virtutem?
523 3187 688 3287 quoniam
707 3187 852 3286 quidem
878 3213 991 3262 unum
1011 3213 1090 3260 om-

109 3311 213 3386 nibus
237 3313 346 3384 finem
362 3299 487 3384 naiura
503 3313 560 3384 vel
578 3307 670 3382 ferro
686 3308 786 3406 septis
803 3309 940 3382 statuit:
974 3329 1091 3402 neque

110 3431 294 3530 quisquam
321 3449 516 3504 extremam
540 3434 771 3504 necessitatem
787 3429 874 3502 nihil
891 3426 1003 3515 ausus,
1026 3424 1090 3498 nisi

110 3551 275 3627 muliebri
293 3552 447 3651 ingenio,
475 3551 657 3648 exspedlat.
707 3553 843 3623 Verum
865 3574 932 3648 ego
953 3544 1091 3619 seditio·

110 3671 178 3764 sus,
205 3672 257 3746 uti
274 3674 370 3746 Sulla
393 3672 453 3763 ait,
479 3672 538 3770 qui
563 3657 710 3769 praemia¹
729 3673 910 3744 turbarum
939 3692 1090 3766 queror;

114 3797 145 3866 u
165 3793 301 3882 bellum
319 3793 474 3892 cupiens,
499 3792 581 3891 quia
596 3791 675 3890 jura
701 3791 795 3895 pacis
813 3811 943 3888 repeto.
994 3788 1093 3862 Scili-

578 3913 662 4001 N4
