2664 4692
292 309 865 394 'FRAGMENTll-Lrstll.
981 336 1104 426 '199

135 505 139 508 ’
172 475 226 566 Ea
243 488 456 568 continentia
473 495 527 568 vir
542 495 670 594 gravis,
691 501 724 570 ὅτ
742 499 837 570 nulla
853 516 925 570 arte
942 500 1105 598 cuiquam

110 613 272 688 inferior.
321 618 466 690 Auram.
486 617 568 690 Nori.
594 622 627 688 in
643 618 774 690 Gravis.

169 738 305 810 Omnes
326 738 386 835 qui
415 738 547 812 circum
571 737 663 828 sunt,
690 737 896 836 praentinent
920 738 1102 816 altitudine

114 856 275 930 millium
300 861 458 955 passuum
474 861 635 932 duorum.
685 861 862 949 Arastanus.

169 981 189 1022 *
201 983 235 1050 a
253 973 355 1058 Poeni
375 978 489 1052 serunt
506 978 665 1052 adversus
683 985 728 1052 A.
743 981 792 1052 N.
810 981 852 1052 C.
865 983 922 1052 M.
947 981 1102 1054 Donatus.

168 1099 264 1196 Qua
281 1117 423 1198 corpore
441 1105 474 1173 δι’
493 1095 612 1198 lingua
630 1098 814 1196 percitum,
835 1105 868 1173 δι
891 1099 1098 1198 inquietem,

112 1219 264 1294 nomine
285 1219 458 1294 histrionis
486 1220 548 1293 vix
585 1219 669 1310 sani,
699 1221 920 1294 Barbuleium
946 1222 1100 1319 appella-

112 1342 216 1417 bant.
267 1341 448 1436 Prfiianus
469 1341 528 1415 lib.
548 1362 603 1414 vt.

169 1461 373 1536 Audaciter.
423 1465 508 1535 Idem
526 1489 588 1535 xv.
669 1535 679 1544 ,

168 1582 223 1655 lbi
239 1575 437 1656 Fimbriana
453 1583 631 1674 seditione,
658 1583 719 1682 qui
747 1582 822 1679 regi
846 1609 908 1680 per
931 1584 1097 1684 obseque-

114 1705 190 1774 lam
208 1703 386 1802 orationis,
415 1711 634 1778 &maxume
662 1705 783 1778 odium
812 1707 928 1793 Sullae,
961 1685 1097 1803 graves,

114 1825 259 1923 carique
273 1843 380 1898 erant.
430 1825 568 1898 Nonius:
602 1827 782 1924 Obsequium
803 1839 886 1899 neut.
909 1848 1031 1923 genere,
1047 1831 1097 1898 ob-

98 1946 321 2044 sequelaftm.
745 1922 747 1934 .

166 2067 349 2142 Moenibus
368 2069 536 2143 deturbat.
587 2069 669 2156 Non.
684 2069 875 2142 Deturbare.
979 2125 981 2132 .

168 2189 202 2259 Ε
227 2189 330 2262 muris
347 2213 448 2262 canes
465 2189 583 2288 sportis
593 2189 839 2276 demittebant.
873 2189 971 2262 Idem.

163 2310 223 2382 Ad
246 2311 314 2384 hoc
337 2311 544 2402 rumoribus,
566 2310 710 2386 advorsa
734 2310 771 2382 in
795 2309 1023 2406 pravitatem3
1045 2307 1094 2382 se·

114 2431 230 2503 cunda
246 2430 282 2503 in
306 2430 422 2506 casum
437 2404 455 2518 3'
476 2431 651 2506 fortunam
680 2431 716 2503 in
733 2429 961 2504 temeritatem
984 2431 1092 2506 decli.

6 2647 8 2654 Ι
111 2539 243 2640 nando,
265 2555 546 2650 corrumpebant.
590 2553 687 2638 Idem.

150 2677 201 2744 At
213 2674 383 2746 Metellus
395 2673 431 2745 in
444 2672 642 2746 ulteriorem
650 2668 856 2768 Hispaniam
870 2669 948 2767 post
960 2689 1093 2744 annum

115 2795 282 2891 regressus
294 2822 305 2880 ;
336 2795 466 2891 magna
494 2792 607 2892 gloria=
630 2789 909 2864 concurrentium
935 2789 1094 2886 undique

114 2911 259 2986 virile&
282 2913 453 2986 muliebre
468 2908 576 3002 secuS,
601 2937 662 3010 per
680 2911 752 2984 vias
767 2937 808 2984 ae
822 2913 913 2983 testa
930 2908 1092 2984 omnium

113 3030 296 3107 visebatur.
334 3035 427 3107 Cum
442 3033 592 3130 quaestor
605 3034 646 3105 C.
660 3031 818 3105 Urbinus
840 3031 979 3130 aliique,
1005 3057 1091 3130 cog·

6 3235 7 3244 ³
111 3153 180 3225 nita
192 3154 385 3244 voluntate,
409 3179 490 3228 eum
509 3155 552 3226 ad
571 3179 709 3226 coenam
723 3151 953 3226 invitaverant
965 3181 975 3238 ;
999 3154 1106 3226 ultra

55 3269 58 3280 ⁴
113 3251 385 3364 Romanorum,-
402 3276 440 3347 &
470 3274 670 3362 mortalium
698 3273 803 3346 etiam
831 3299 967 3346 morem
992 3297 1091 3344 cura·

112 3393 220 3466 bant:
245 3394 417 3472 exornatis
435 3395 568 3468 aedibus
585 3419 645 3491 per
656 3396 766 3467 anlaea
786 3398 819 3467 a
839 3389 996 3490 insignia,
1018 3389 1088 3462 sce-

6 3607 7 3618 *
111 3513 229 3612 nisque
246 3517 292 3588 acl
313 3515 578 3588 ostentationem
599 3515 806 3611 histrionum
822 3508 1019 3588 fabricatis:
1048 3513 1088 3582 fi-

6 3623 7 3678 3
111 3636 186 3706 mul
208 3613 310 3708 croco
323 3635 432 3733 sparsa
449 3638 590 3726 humus,
616 3638 649 3706 &a
667 3633 745 3723 alia,
769 3633 805 3705 in
828 3631 975 3706 modum
1000 3649 1090 3702 tem·

110 3753 157 3852 pli
177 3756 416 3831 celeberrumi.
458 3759 624 3829 Praeterea
647 3779 729 3828 cum
758 3749 887 3826 sedenti
907 3746 1091 3825 transenna

381 3888 383 3892 ,
555 3876 589 3944 0
606 3899 631 3963 4
