2672 4682
508 336 801 416 CArrttttn.
1073 363 1123 445 η

130 520 170 567 ‘s
182 527 388 621 paraveram
414 517 504 592 item
530 517 616 593 alios
645 517 683 590 in
710 519 776 592 alia
802 520 880 592 loca
906 538 1120 618 opportuna,
1210 501 1213 510 ’

135 647 167 688 ⁸‘
183 643 242 742 qui
257 641 399 716 initium
415 640 500 714 belli
517 639 669 715 facerent
684 669 695 727 ς
721 639 826 738 seque
854 642 900 714 ad
928 643 1123 716 exercitum

131 761 353 863 “proficisci
377 783 517 860 cupere,
545 765 568 834 fi
596 761 691 860 prius
713 761 924 836 Ciceronem
942 764 1120 861 oppreffis·

131 894 160 931 ‘⁴
178 885 227 960 set
244 914 254 958 ε
283 905 366 959 eum
382 882 449 957 {uio
466 883 615 957 confiliis
632 886 787 960 multum
804 885 967 958 obiicere.

181 1007 357 1082 XXVIII.
382 1007 526 1079 loiron
547 1004 732 1102 perterritis
750 1029 790 1077 ac
809 1004 1052 1081 dubitantibus
1067 1033 1124 1081 εει
1172 1075 1175 1082 .

131 1127 229 1220 teris,
256 1131 299 1201 C.
325 1127 521 1217 Cornelius,
548 1147 655 1224 eques
681 1131 882 1217 Romanus,
909 1147 1054 1226 operam
1069 1126 1124 1204 su*

129 1271 191 1325 am
215 1249 408 1349 pollicitus,
436 1251 470 1322 tc
489 1267 571 1322 cum
589 1271 631 1321 eo
647 1249 694 1322 L.
712 1248 950 1347 Vargunteius
967 1245 1124 1340 Senator,

130 1372 341 1446 constituere
358 1396 399 1443 ea
415 1373 518 1443 nocte
536 1371 656 1468 paullo
669 1369 745 1467 post
758 1395 840 1442 cum
853 1370 992 1443 armatis
1009 1369 1125 1443 hornia

132 1480 250 1585 nibus,
281 1490 380 1566 ficuti
397 1489 581 1564 salutatum
597 1490 737 1564 introire
761 1491 805 1564 ad
829 1491 1049 1582 Ciceronem,
1084 1515 1126 1564 ac

132 1604 385 1712 deimproviso
396 1611 496 1685 domi
507 1608 575 1685 suae
588 1611 798 1709 imparatum
809 1611 1008 1686 confodere.
1018 1605 1125 1686 Tun

133 1735 190 1809 ius
201 1735 263 1810 ubi
277 1733 465 1833 intellegit,
491 1753 664 1831 quantum
677 1732 821 1831 periculi
832 1733 974 1808 Consuli
987 1735 1125 1832 impen-

137 1859 231 1948 deat,
262 1881 408 1956 propere
425 1879 488 1954 per
505 1855 670 1930 Fulviam
687 1853 825 1944 dolum,
854 1854 914 1953 qui
927 1857 1126 1952 parabatur,

135 1962 312 2052 enunciet.
362 1980 414 2051 Ita
436 1977 486 2050 illi
503 1973 614 2076 janua
631 1975 812 2074 prohibiti,
843 1995 981 2048 tantum
997 1969 1129 2050 facinus

134 2098 264 2172 frustra
295 2093 516 2196 susceperant.
567 2099 702 2172 Interea
730 2096 890 2172 Manlius
918 2097 955 2170 in
986 2096 1129 2174 Etruria

141 2219 283 2318 plebem
306 2217 498 2310 sollicitare,
533 2217 683 2319 egestate
714 2219 827 2309 simul,
858 2239 903 2292 *ac
924 2219 1048 2294 dolore
1074 2219 1128 2292 in·

133 2339 236 2440 juriae
249 2365 426 2416 novarum
443 2364 562 2416 rernm
579 2341 773 2440 cupidam:
802 2341 916 2439 qnod,
942 2338 1046 2414 Sullae
1064 2343 1130 2415 do-

137 2462 345 2555 minatione,
371 2488 475 2564 agros
496 2464 661 2561 bonaque
684 2461 805 2536 omnia
828 2459 1010 2550 amiseram
1040 2489 1129 2562 prae-

138 2599 229 2658 terea
252 2586 403 2659 latrones
427 2577 592 2684 cujusque
615 2585 765 2683 generis,
793 2607 947 2683 quorum
963 2583 1001 2656 in
1018 2609 1059 2657 ea
1076 2611 1130 2658 re·

141 2706 245 2804 gione
275 2730 408 2805 magna
436 2704 541 2804 copia
565 2725 662 2793 erat;
696 2702 885 2780 nonnullos
912 2725 957 2777 ex
984 2700 1131 2778 Sullanis

140 2827 286 2920 colonis,
326 2826 456 2931 quibus
483 2827 606 2901 lubido
631 2847 738 2925 atque
762 2827 902 2900 luxuria
923 2848 968 2899 ex
994 2826 1133 2925 magnis
1163 2837 1168 2850 '

141 2931 269 3048 'rapinis
288 2948 377 3022 nihil
394 2945 519 3047 reliqui
537 2947 701 3022 fecerant.

187 3069 333 3146 XXIX.
352 3073 414 3143 EA
442 3093 526 3143 cum
552 3068 712 3144 Ciceroni
737 3068 1010 3157 nunciarentur3
1037 3069 1133 3144 anci-

139 3183 200 3289 piti
219 3193 317 3266 malo
334 3212 528 3292 permotus,
556 3192 653 3291 quod
671 3215 785 3291 neque
801 3193 926 3266 urbem
943 3195 988 3266 ab
1005 3191 1134 3265 infidiis

142 3313 284 3420 privato
298 3313 440 3388 confilio
455 3311 598 3412 longius
615 3314 706 3387 tueri
724 3335 872 3411 poterat,
901 3337 1016 3413 neque
1034 3335 1134 3383 exer-

138 3433 227 3509 citus
246 3435 378 3510 Manlii
396 3455 560 3534 quantus,
588 3443 648 3510 aut
672 3463 745 3533 quo
770 3435 912 3509 confilio
930 3433 1031 3522 foret,
1057 3427 1135 3505 satis
1182 3525 1187 3534 .

144 3577 368 3654 compertum
384 3553 554 3647 habebat,
580 3579 655 3630 rem
673 3558 718 3631 ad
736 3556 903 3632 Senatum
922 3551 1039 3645 refert,
1059 3549 1136 3652 jam

111 3743 113 3755 .
144 3697 244 3752 antea
261 3677 362 3776 volgi
380 3679 579 3754 rumoribus
598 3679 821 3778 exagitatam.
873 3661 1017 3774 Itaque,
1036 3673 1135 3775 quod

145 3800 356 3897 plerumque
367 3799 404 3872 in
415 3797 525 3876 atroci
537 3799 682 3899 negotio
694 3799 793 3893 solet,
811 3799 954 3873 Senatus
967 3795 1136 3887 decrerit,

591 3921 622 3992 C
647 3946 672 4011 4
