2662 4686
334 317 335 321 ’
437 314 783 432 Juounsna.
973 357 980 369 ·
1043 339 1109 415 roy

100 483 228 588 Igitur
255 485 423 562 diffidens
449 489 561 562 veteri
585 486 767 578 exercitui,
798 484 925 563 milites
948 488 1108 580 scribere,

105 609 275 710 praesrdia
301 609 460 708 undique
489 611 676 683 arcessere:
715 635 827 700 arma,
865 611 948 699 tela,
983 634 1108 707 equos,

105 751 228 805 cetera
254 727 485 804 instrumenta
510 729 642 804 militiae
668 752 809 827 parare:
847 731 985 824 adhoc
1009 757 1108 804 com·

15 841 16 844 ¹
107 869 274 926 meatum
293 852 445 926 affatim:
475 851 628 949 denique
645 851 778 942 omnia,
801 877 881 948 quae
899 853 994 924 bello
1012 852 1111 926 vario

15 953 16 966 ἵ
108 979 144 1047 &
165 976 363 1048 multarum
387 999 504 1047 rerum
532 971 650 1071 egenti
675 970 751 1045 usui
776 971 843 1046 'else
867 970 1009 1064 solent„
1040 975 1109 1046 Ce-

108 1115 231 1168 terum
257 1096 304 1167 ad
329 1121 369 1168 ea
395 1095 563 1193 patranda
580 1091 697 1166 Senati
721 1075 921 1168 austoritate
941 1091 1026 1166 socii
1043 1120 1108 1168 no·

108 1241 271 1312 merique
302 1214 489 1306 Latinum,
526 1241 625 1313 reges
660 1215 753 1288 ultro
782 1213 912 1288 auxilia
946 1214 1107 1290 mittere:

111 1337 296 1434 postremo
313 1335 428 1410 omnis
444 1335 565 1409 civitas
582 1335 721 1410 summo
741 1335 854 1411 studio
875 1337 1109 1412 adnitebatur.

15 1523 17 1562 ᾗ
112 1461 254 1555 Itaque,
283 1462 330 1530 ex
351 1455 518 1530 sententia
541 1457 707 1530 omnibus
732 1460 834 1535 rebus
860 1457 986 1554 paratis
1009 1485 1108 1535 com·

15 1569 17 1586 ’
114 1577 319 1676 positisque,
365 1577 403 1650 in
441 1577 653 1651 Numidiam
697 1576 937 1676 proficiscitur,
980 1607 1124 1680 magna,

113 1699 177 1796 spe
197 1699 350 1790 civium,
382 1725 465 1772 cum
495 1719 635 1796 propter
661 1701 772 1771 bonas
806 1697 902 1786 artis,
932 1720 1009 1788 tum
1034 1728 1108 1776 ma-

115 1847 241 1912 xume,
268 1823 367 1918 quod
383 1819 573 1895 advoafiim
599 1819 738 1893 divitias
761 1819 919 1893 animum
937 1819 1110 1896 invidum

15 1979 17 2030 3
116 1945 288 2040 gerebat:
318 1947 350 2016 &
368 1907 513 2014 avaritia
531 1940 795 2039 magistratuum
820 1963 900 2015 ante
917 1941 954 2014 id
972 1961 1111 2039 tempus

15 2047 17 2058 Δ
115 2063 157 2136 in
185 2061 358 2136 Numidia
392 2059 522 2140 nostra
554 2087 638 2161 opes
673 2060 840 2154 contusae,
883 2061 1110 2162 hostiumque

15 2167 16 2222 1
117 2185 233 2257 austae
255 2202 361 2256 erant.

15 2293 16 2296 ¹
169 2305 304 2384 XLIV,
330 2307 405 2378 San
422 2304 483 2378 ubi
511 2305 547 2378 in
565 2305 724 2380 Africam
748 2301 857 2398 uenit,
884 2305 1056 2379 exercitus
1079 2307 1111 2388 ei

15 2445 16 2474 ³
118 2425 267 2500 traditur
292 2427 353 2523 Sp.
382 2425 506 2502 Albini
531 2453 601 2524 ‘pro
625 2426 778 2502 Consule
801 2428 907 2517 iners,
942 2427 1108 2516 imbellis,

117 2573 234 2647 neque
267 2547 426 2645 periculi,
468 2574 583 2646 neque
619 2549 745 2622 laboris
785 2547 933 2646 patiens,
973 2548 1109 2645 lingua,

119 2696 228 2768 quam
258 2695 380 2762 manu,
410 2669 599 2766 promtior,
640 2670 814 2765 praedator
840 2693 886 2740 ex
914 2665 1026 2760 sociis,
1075 2673 1109 2740 δι

15 2769 16 2780 ¹
120 2789 192 2888 ipse
207 2790 509 2892 praedahostium‚
528 2794 596 2864 fine
613 2787 993 2885 imperio&modestia
1010 2787 1137 2882 habi„
1184 2828 1186 2842 ·

121 2932 186 2986 tus.
238 2915 291 2990 Ita
314 2910 518 3009 imperatori
540 2937 636 2990 novo
664 2911 741 3007 plus
763 2905 809 2982 ex
835 2907 934 2982 malis
952 2909 1111 2984 moribus
1181 2949 1186 2956 ·

15 3061 16 3064 ’
121 3033 374 3123 sollicitudinis,
405 3057 517 3130 quam,
533 3057 578 3106 ex
598 3032 700 3128 copia
719 3031 874 3106 militum
890 3031 1024 3124 auxilii,
1051 3051 1112 3122 aut

15 3243 16 3246 Ἴ
121 3155 189 3253 spei
222 3157 326 3228 bonae
361 3154 560 3233 accedebat,
613 3153 737 3228 Statuit
769 3174 888 3227 tamen
921 3137 1108 3242 Metellus,

15 3329 16 3370 ,
125 3260 340 3374 quamquam
352 3279 386 3346 ὅτ
397 3274 596 3348 aestivorum
612 3294 752 3373 tempus
766 3275 991 3348 comitiorum
1009 3298 1110 3346 mora

15 3449 16 3508 4
126 3397 359 3486 imminuerat,
380 3401 413 3469 ὅτ
427 3393 681 3494 exspectatione
698 3397 814 3477 eventi
828 3395 961 3469 civium
974 3393 1110 3488 animos.

15 3561 16 3602 1
126 3516 276 3598 intentos
311 3520 456 3614 putabat
468 3545 479 3603 ;
520 3543 593 3590 non
624 3515 717 3616 prius
751 3516 887 3590 bellum
913 3514 1108 3613 adtingere,

15 3641 16 3688 l
126 3667 249 3738 quam,
280 3635 456 3734 majorum
479 3637 673 3737 disciplina,
702 3637 830 3711 milites
848 3638 1005 3709 laborare
1029 3663 1109 3711 coe·

15 3831 16 3864 3
101 3761 230 3876 'gilles
283 3761 382 3835 Nam
412 3759 576 3851 Albinus,
610 3759 695 3842 Auli
730 3757 841 3832 fratris
866 3757 1110 3856 exercitusque
1193 3766 1196 3772 ’
