2664 4692
287 377 642 451 anontnon.
674 375 898 452 Ltn.VI.'
1023 406 1093 483 225

163 551 384 652 Seguntium.
436 553 605 646 Chamstus.

161 672 198 746 T
200 696 256 748 ota
273 691 390 746 autem
408 672 516 748 insula
533 672 685 766 modica,
720 674 963 750 &cultoribus
985 674 1094 752 inanis

117 795 173 870 est.
223 797 424 868 Martianus.

163 916 379 990 Immodicus
404 915 523 988 animi.
573 915 754 987 Amenanus.

161 1037 325 1135 Pugnant
343 1035 439 1109 illam
459 1057 523 1134 pro
541 1035 660 1110 omine
673 1035 755 1110 belli
768 1034 933 1110 futuram.
952 1035 1093 1112 Servius.

126 1158 131 1164 ’
161 1159 322 1232 Tantum
351 1135 577 1255 antiqnitatis,
613 1182 777 1256 curaeque
809 1155 997 1256 majoribus
1032 1181 1096 1254 pto

115 1277 234 1355 Italica
252 1297 356 1376 gente
373 1277 449 1350 fuit.
502 1279 599 1351 Idem.
1049 1287 1052 1296 ’

162 1398 354 1497 Opprobrii
380 1397 500 1496 gratia.
551 1399 725 1495 Agroetius.

164 1519 351 1593 Maxumis
372 1519 535 1609 ducibus,
570 1517 717 1594 sortibus
749 1515 961 1618 strenuisque
989 1516 1094 1594 mini·

116 1639 198 1713 stris.
249 1640 416 1714 Diomedes
433 1642 456 1712 l.
476 1665 522 1713 11.
623 1699 627 1712 .

164 1763 250 1834 Non
268 1760 541 1860 repugnantibus
559 1759 681 1852 inodo,
700 1757 759 1834 sed
792 1787 837 1834 ne
865 1761 991 1834 deditis
1015 1761 1094 1859 qui·

116 1884 209 1958 dem.
236 1888 283 1957 A.
301 1886 339 1956 B.
356 1883 398 1956 C.
417 1885 473 1956 M.
493 1881 649 1956 Donatus.
794 1939 796 1944 .

163 2006 205 2079 In
223 2005 305 2078 silva
321 2003 391 2076 Sila
407 2002 557 2078 fuerunt.
608 2007 752 2078 Servius.

17 2175 20 2186 ·
164 2129 208 2200 In
225 2127 318 2199 nuda
334 2123 460 2224 injecta
476 2150 633 2226 corpora.
685 2127 862 2200 Diomedes.

14 2299 15 2308 η
167 2247 342 2344 Apollinis
361 2247 432 2320 filia
450 2251 484 2321 δι
501 2249 666 2345 Cyrenes.
717 2248 849 2322 Probus.

28 2389 33 2396 ·
163 2366 222 2442 Ne
238 2367 385 2465 simplici
402 2369 548 2467 quidem
566 2390 678 2443 morte
690 2370 939 2445 moriebantur.
953 2368 1093 2442 Servius.

163 2488 258 2564 Cum
275 2489 472 2587 praedixero
491 2495 643 2589 positum
661 2491 789 2565 insulae.
839 2491 996 2562 Donatus.

119 2632 122 2642 '
163 2608 275 2708 Cujus
314 2610 456 2684 adversa
487 2614 680 2702 voluntate,
714 2611 893 2708 colloquio
924 2609 1095 2683 militibus

120 2731 293 2828 permiff0,
313 2732 493 2830 corruptio
510 2731 601 2806 facia
617 2755 823 2831 paucorum,
854 2734 888 2804 δε
922 2727 1095 2802 exercitus

117 2852 215 2926 Sullae
232 2853 333 2926 datus
349 2843 409 2926 esi.
459 2851 557 2928 Idem.

14 3053 15 3062 ,
163 2976 352 3054 AGracco
370 2972 552 3048 seditiones
570 2997 691 3073 graves
709 2991 804 3048 ortae.
855 2961 1056 3074 Augustinus.

164 3097 221 3169 M.
240 3095 369 3169 Atilius
384 3095 567 3168 Palicanus
596 3093 721 3169 humili
750 3097 843 3186 loen,
874 3096 1011 3186 Picens,
1041 3096 1094 3167 lo·
1188 3181 1192 3189 ¹

120 3239 211 3312 quax
229 3216 355 3314 mago,
376 3213 681 3313 quam-facundus.
708 3219 955 3319 ¹Quintilianus
982 3220 1006 3291 l.
1041 3241 1093 3288 tv.

65 3347 67 3352 '
120 3359 190 3433 cap.
211 3362 258 3409 11.
275 3337 405 3408 Hieron.
424 3339 499 3410 adv.
518 3337 650 3410 Helvid.
670 3339 710 3411 Θ
727 3339 809 3412 Gell.
829 3343 853 3413 l.
873 3367 925 3414 iv.
937 3365 1013 3435 cap.
1031 3359 1092 3410 xv.

164 3455 316 3530 Insolens
335 3481 415 3530 vera
432 3456 641 3554 accipiundi.
692 3458 847 3532 Donatus.

164 3580 255 3675 Qiae
288 3577 436 3674 pecunia
463 3577 509 3650 ad
538 3577 766 3676 Hispaniense
794 3580 928 3654 bellum
944 3575 1092 3651 Metello

120 3691 207 3770 faeta
223 3719 307 3772 erat.
358 3701 457 3773 Jdem.
812 3745 813 3753 κ

99 3887 102 3892 Α
165 3818 331 3894 Curubis.
383 3820 515 3894 Probus.

597 3943 654 4037 Q
