2664 4692
335 327 394 400 In
443 327 818 420 SAsuusmuu.
1029 335 1100 430 ιδ,

111 497 210 596 quod
227 500 367 583 nullutn
384 527 447 577 vos
463 501 574 579 sciatis
589 528 725 578 novum
744 502 876 576 crimen
891 500 928 574 in
943 502 1096 579 Sallusti·

110 647 175 694 um
214 621 406 715 audituros,
445 622 505 700 sed
542 623 663 696 omnia
696 643 815 696 vetera
843 622 1094 720 recognituros,

111 741 191 840 quis
210 747 243 816 &
264 768 366 832 meae,
387 748 421 816 &
439 744 556 820 vestrae
575 741 665 840 jam,
684 747 718 816 δι
737 744 839 840 ipsius
856 767 954 816 aures
971 743 1096 824 calent,

111 865 248 937 Verum
266 890 311 937 eo
325 865 439 963 magis
457 865 564 944 odiss‘e
583 865 717 950 debetis
734 863 930 954 hominem,
965 863 1027 962 qui
1051 889 1096 938 ne
1122 879 1124 886 '

111 983 283 1082 incipiens
318 971 463 1083 quidem
493 1011 637 1082 peccare
670 983 825 1068 minimis
851 987 955 1058 rebus
984 982 1096 1081 posuit

109 1105 379 1193 rudimentum
415 1105 473 1182 sed
490 1085 537 1179 iia
554 1107 721 1206 ingressus
740 1106 801 1198 est,
823 1104 877 1184 uti
906 1130 1022 1202 neque
1049 1107 1095 1178 ab

110 1226 182 1300 alio
218 1227 313 1300 vinci
345 1231 459 1324 poffit,
489 1253 604 1325 neque
632 1224 762 1323 ipsese
790 1225 936 1300 omnino
962 1217 1096 1324 reliquo

103 1367 206 1432 atate
235 1347 418 1446 praeterire.
469 1350 590 1446 Itaque
619 1346 705 1419 nihil
734 1345 832 1423 aliud
857 1345 986 1435 studet,
1013 1346 1089 1436 nisi,

62 1467 162 1540 uti
190 1469 382 1546 lutulentus
412 1467 479 1558 sus,
511 1495 594 1542 cum
612 1467 736 1566 quovis
754 1467 914 1540 volutari.
963 1469 1094 1565 Longe

109 1614 194 1664 vero
232 1588 362 1664 fallitur
399 1589 575 1687 opinione.
637 1591 724 1678 Non
758 1587 852 1662 enim
883 1587 1094 1684 procacitate

109 1709 241 1808 linguae
259 1713 338 1786 vitae
356 1709 471 1786 sordes
490 1713 677 1786 eluuntur:
702 1709 759 1782 sed
777 1709 827 1782 est
844 1709 1010 1805 quaedam
1037 1735 1095 1782 ca·

108 1831 258 1922 sumnia,
287 1859 394 1930 quam
418 1830 653 1931 unusquisque
672 1830 828 1903 nostrum
849 1827 992 1900 testante
1022 1829 1095 1902 ani-

110 1977 172 2024 mo
200 1950 260 2041 suo
289 1951 368 2042 sert,
396 1955 440 2028 de
457 1979 514 2042 e0,
534 1941 596 2050 qui
613 1951 735 2040 salsum
753 1951 888 2024 crimen
905 1948 1005 2022 bonis
1029 1953 1094 2024 ob-.

105 2070 226 2170 jestat.
287 2075 396 2171 Qod
427 2077 450 2146 si
480 2077 552 2148 vita
579 2073 673 2146 istius
702 2071 915 2152 memoriam,
944 2069 1066 2146 vicerit
1081 2101 1104 2150 ς’

109 2193 210 2266 illam
226 2194 266 2264 P.
283 2195 326 2266 C.
343 2221 415 2272 non
433 2193 662 2283 exoratione,
680 2192 739 2274 sed
765 2218 811 2268 ex
840 2192 995 2266 moribus
1027 2190 1094 2274 suis

109 2313 261 2413 spesiare
277 2314 421 2390 debetis.
472 2318 553 2410 Jann
570 2317 663 2390 dabo
680 2340 837 2412 operam,
864 2339 973 2412 quatu
992 2341 1094 2390 max·
1137 2407 1139 2418 .
1169 2329 1173 2337 '

108 2460 192 2529 unse
209 2456 345 2533 potem,
364 2433 461 2508 brevi
478 2456 515 2508 ut
531 2435 669 2514 saciant.
710 2417 840 2534 Neque
857 2425 932 2514 h'aec
949 2437 1094 2510 alterca-

108 2556 159 2630 tio
188 2556 302 2646 nostra
328 2556 428 2632 vobis
457 2557 587 2630 inutilis
617 2558 694 2646 erit,
721 2561 762 2630 P.
786 2558 828 2629 C.
878 2557 1118 2653 Plerumqus‘

111 2677 208 2750 enim
232 2676 319 2776 resp.
347 2676 489 2774 privatis
518 2677 636 2752 crescit
663 2675 873 2762 inimicitiis;
901 2675 963 2750 ubi
988 2701 1095 2749 nemo

108 2799 210 2890 civis,
237 2798 348 2897 qualis
374 2803 413 2872 s1t
438 2798 506 2888 vir,
534 2799 644 2896 potest
668 2799 784 2874 latere.

93 2903 95 2910 ⁵
156 2919 319 2994 Primum
337 2919 445 3017 igitur
464 2919 631 3016 quoniam
648 2917 809 2990 omnium
828 2916 975 3015 majores
1001 2916 1094 2992 Cris-

6 3045 7 3054 '
110 3067 175 3138 pus
208 3039 386 3114 Sallustius
412 3042 457 3114 ad
489 3067 600 3114 unum
630 3041 836 3136 exemplum
866 3042 1095 3139 &regulam
1173 3068 1175 3076 ι
1247 3041 1255 3050 ’

108 3161 250 3260 quaerit,
282 3160 390 3234 velim
419 3160 507 3234 mihi
539 3157 756 3258 respondeat,
786 3160 976 3259 numquid,
1006 3187 1095 3259 quos

109 3282 254 3380 protulit
283 3282 462 3378 Scipiones
495 3287 528 3356 &
559 3283 737 3372 Metellos,
773 3284 830 3354 vel
848 3283 989 3371 Fabios,
1015 3303 1095 3354 ante

108 3401 236 3478 fuerint
265 3423 326 3476 aut
352 3402 540 3500 opinionis,
571 3423 630 3476 aut
660 3403 792 3500 gloriae,
824 3429 931 3500 quam
954 3427 1012 3474 eos
1042 3427 1095 3482 res

109 3523 212 3622 gestae
230 3521 312 3613 suae,
347 3527 381 3596 ὅτ
400 3521 473 3596 vita
490 3523 779 3598 innocentissume
807 3526 884 3596 assa
912 3547 1094 3596 commen-

107 3645 234 3746 dauit?
265 3647 363 3743 quod
389 3648 411 3717 si
442 3646 510 3718 hoc
528 3643 595 3718 suit
620 3643 687 3717 illis
716 3643 855 3716 initium
884 3641 1093 3732 nominis&

107 3765 300 3876 dignitatis,
329 3793 391 3842 cur
419 3791 491 3840 non
519 3790 620 3868 aeque
649 3765 698 3864 de,
721 3763 822 3838 nobis
839 3762 1089 3855 existumeturi

1042 4003 1046 4032 Ι
