2668 4698
321 306 377 384 Iit
427 309 807 386 sititianum
1012 335 1084 412 271¹

101 477 265 586 poenitet,
297 486 320 560 si
351 507 418 577 aut¹
433 487 565 586 petenti
589 487 732 562 Vatinio
762 512 828 560 reo·
852 487 1090 583 patrocinium

101 609 278 706 pollicitus
295 607 387 700 sum,
411 629 470 684 aut
488 609 583 684 Sexti
600 608 818 684 insolentiam
848 610 998 706 repressi,
1027 628 1087 682 aut·

100 729 216 804 Bibuli
243 728 445 826 patientiam
475 731 628 828 culpavi,
658 750 718 802 aut
740 728 925 802 virtutibus
946 727 1088 802 Caesarie

97 848 181 924 favi.
241 849 313 924 Hae
342 851 436 924 enim
471 851 592 924 laudes
621 849 756 950 egregii
787 849 887 940 civis,
920 847 1101 924 &unicae'

98 969 188 1044 sunt.
237 975 330 1069 Qiae
350 976 373 1044 li
392 993 431 1044 tu
449 970 537 1044 mihi
554 969 606 1044 uti
636 969 721 1083 'yitia
749 969 882 1068 objicis,
908 969 1087 1043 temeritas

98 1111 172 1166 tua·
188 1092 470 1189 reprehenditur,
502 1118 575 1166 non
604 1117 682 1173 mea
717 1091 802 1164 vitia
838 1091 1085 1187 culpabuntur.
1137 1129 1140 1138 ·
1189 1145 1195 1156 .

99 1212 206 1288 Plura
237 1213 407 1303 dicerem,
433 1214 569 1310 siapud
589 1213 676 1288 alios
695 1213 782 1286 mihi
811 1214 894 1285 esset
922 1212 1089 1292 disseren-

99 1335 205 1423 dum,
232 1335 274 1408 Ρ.
296 1335 338 1408 C.
366 1361 438 1406 non
467 1336 562 1438 apud
579 1359 656 1424 vos,
683 1361 770 1433 quos
792 1332 898 1406 habui
925 1333 1092 1408 omnium:

99 1456 279 1530 aetionum
307 1480 465 1528 mearum
493 1454 697 1528 monitores.
760 1455 841 1544 Sed,
876 1454 939 1528 ubi
970 1481 1091 1530 rerum
1171 1519 1174 1540 ,

99 1575 297 1650 testimonia
321 1575 456 1666 adsunt,
484 1575 571 1674 quid
595 1602 685 1673 opus
710 1575 758 1648 est
783 1576 925 1650 verbis?

148 1699 259 1772 Nunc
288 1697 334 1770 atl
367 1715 403 1769 te
433 1696 484 1769 uti
513 1717 678 1786 revertar,
707 1695 856 1785 Sallusti,
885 1716 1091 1797 patremque

98 1837 203 1892 tuum
220 1835 446 1914 praeteream:
472 1816 533 1913 qui
551 1821 573 1890 fi
591 1843 773 1914 nunquam
793 1816 830 1888 in
847 1816 918 1890 vita
933 1817 993 1890 sua
1005 1844 1088 1914 pec-

99 1937 209 2028 oavit,
234 1958 353 2040 tamen
377 1934 547 2034 majorem
577 1936 738 2036 injuriam
765 1937 850 2034 reip.
873 1936 986 2014 facere
1015 1965 1088 2012 non

99 2057 230 2156 potuit,
247 2083 355 2155 quain
372 2058 521 2156 quodie
537 2060 644 2132 talem
662 2057 776 2132 lilium
793 2055 925 2157 genuit.
943 2063 1097 2159 Neque,

8 2193 9 2204 ¹
97 2199 140 2252 tu
159 2181 182 2251 si
200 2177 320 2275 quain
338 2167 487 2276 pueritia
504 2179 667 2276 peccasti,
686 2165 867 2278 exsequar,
898 2207 942 2255 ne
967 2206 1089 2279 paten-
1189 2161 1191 2170 Ι

100 2283 178 2374 tem
189 2300 421 2374 tuumvidear
433 2297 670 2400 accusare,qiii
683 2329 726 2404 eo
738 2323 897 2400 tempore
915 2303 1090 2378 summam

100 2420 154 2494 tui
178 2421 384 2518 potestatem
402 2421 537 2512 habuit,
566 2421 626 2496 sed
656 2426 807 2522 qualem·
821 2425 1090 2500 adolescentiam

101 2540 230 2640 egeris.
281 2545 365 2616 Hac
390 2543 484 2616 enim
510 2541 761 2636 demonstrata,
785 2544 886 2620 facile
914 2546 1089 2644 intellige-

100 2683 170 2754 tur,
189 2689 300 2760 quam
318 2663 488 2760 petulanti
512 2664 672 2762 pueritia,
700 2691 807 2764 quam
824 2665 1025 2763 impudicus
1055 2671 1090 2739 a:

103 2811 250 2882 procaii,
276 2785 480 2858 adoleveris.
530 2785 767 2899 Posteaquam
794 2785 972 2860 immensae
996 2788 1090 2886 gulae

101 2903 368 3002 impudicissimi
393 2905 547 3002 corporii
574 2907 721 3004 quaestus
750 2904 904 2979 sufficere
928 2933 999 2994 non
1026 2933 1089 3005 po-

100 3026 182 3116 tuit,
208 3031 242 3098 &
267 3045 350 3098 aetas
367 3046 427 3098 tua
437 3025 514 3124 jam
531 3029 576 3100 ad
610 3053 651 3100 ea
681 3027 858 3125 patienda,
886 3055 965 3126 quae
994 3027 1091 3134 alteri

100 3143 214 3220 facere
232 3146 470 3237 collibuisset,
499 3149 718 3222 exoleverat:
753 3148 1004 3246 cupiditatibus
1037 3151 1091 3222 in·
1151 3180 1153 3184 ¹

101 3265 211 3348 finitis
229 3249 440 3358 efferebaris‚
464 3288 517 3352 ut,
536 3295 615 3366 quae
633 3266 703 3365 ipse
721 3271 860 3367 corpori
889 3291 952 3344 tuo
975 3270 1103 3369 turpia
1208 3263 1210 3274 ’

102 3413 173 3460 non
192 3385 360 3479 duxisses,
387 3387 425 3460 in·
446 3388 519 3462 aliis
541 3389 754 3486 experireria
781 3453 785 3460 .
805 3393 948 3464 Itanon
965 3391 1014 3464 est
1039 3387 1090 3462 fa-

102 3507 169 3580 cile
188 3528 371 3606 exputare,
390 3509 430 3580 P.
456 3510 498 3582 C.
518 3529 636 3584 utnrm
653 3509 942 3585 inhonestioribus
965 3537 1091 3609 corpo-
1185 3583 1188 3592 ,

101 3625 151 3702 ri's'
164 3628 320 3726 partibus
338 3654 413 3706 reni
431 3630 616 3727 quaesierit,
642 3657 687 3704 an
715 3630 874 3706 amiserit.
926 3633 1091 3705 Domum

103 3771 286 3847 paternam
319 3749 403 3824 vivo
430 3771 526 3848 patre
550 3750 741 3850 turpissime
764 3753 926 3826 venalem
954 3752 1091 3846 habuit,
