2662 4686
254 339 319 396 rra
484 316 1085 395 C.Cntsr18nttosrrr

248 517 329 565 rum
368 493 580 589 pedestrium
604 492 837 580 Bomilcarem
875 491 1043 590 praefecit,
1080 517 1236 593 eumque

247 615 385 704 edocet,
416 640 495 712 quae
520 619 662 712 age‘ret;
686 613 758 714 ipse
786 611 926 710 propior
958 632 1118 687 montem
1148 642 1233 690 cum

248 733 348 806 omni
364 735 520 831 equitatu
537 733 669 830 pedites
694 734 840 808 dilectos
857 735 1030 808 collocat:
1059 735 1144 808 dein
1167 740 1233 810 fin-

250 856 350 953 gulas
371 876 502 928 turmas
521 875 625 954 atque
654 853 852 952 manipulos
877 853 1085 928 circumiens
1112 878 1234 932 monet
1324 847 1325 872 ³

247 969 568 1075 atqueobtestotur,
593 975 691 1048 “uti
719 1001 893 1051 memores
922 976 1069 1074 pristinae
1095 975 1235 1052 virtutis
1324 1017 1325 1022 ,

250 1105 277 1140 “
298 1103 331 1170 aa
350 1096 504 1170 victoriae
526 1095 630 1195 seque
659 1122 881 1196 regnumque
897 1097 999 1172 suum
1024 1100 1070 1170 ab
1095 1102 1232 1174 Roma-

251 1227 278 1261 “
297 1245 423 1292 norum
450 1219 593 1292 avaritia
620 1219 834 1293 defendant:
871 1246 955 1292 cum
977 1218 1030 1292 his
1055 1223 1234 1294 certamen

249 1348 277 1384 “
294 1340 382 1429 sore,
416 1365 504 1438 quos
533 1360 633 1413 antea
660 1341 771 1414 vinos
798 1340 862 1415 sub
888 1338 1021 1438 jugum
1054 1341 1231 1416 miserint:
1324 1323 1325 1386 ἶ

250 1469 278 1504 “
296 1463 425 1540 duceni
454 1461 535 1552 illis,
563 1487 635 1534 non
668 1463 827 1536 animum
849 1481 1050 1534 mutatum:
1079 1488 1157 1560 quae
1187 1465 1232 1536 ab
1324 1453 1325 1456 ¹

247 1589 275 1624 “
294 1583 503 1680 imperatore
520 1583 714 1675 decuerint,
739 1583 859 1658 omnia
885 1583 952 1659 suis
980 1581 1138 1682 provisa3
1177 1583 1231 1656 lo·
1324 1613 1325 1662 t

248 1710 276 1744 “
294 1730 377 1778 cum
403 1703 627 1803 superiorem,
658 1705 709 1780 uti
735 1705 920 1802 prudentes
943 1731 1028 1778 eum
1049 1684 1231 1802 imperitis,
1324 1775 1325 1810 ,

250 1830 279 1865 “
297 1851 341 1899 ne
358 1827 538 1924 pauciores
553 1851 637 1899 cum
655 1825 827 1924 pluribus,
846 1847 905 1900 aut
916 1828 1019 1900 rudes
1039 1853 1121 1900 cum
1138 1827 1234 1900 bello

250 1953 279 1987 “
298 1945 499 2019 melioribus
517 1973 663 2020 manum
680 1948 906 2037 consererent.
956 1946 1107 2021 Proinde
1122 1946 1236 2042 parati

249 2065 492 2164 “intentique
522 2069 641 2157 effent,
671 2071 770 2166 figno
797 2071 894 2160 dato,
919 2073 1103 2144 Romanos
1129 2065 1234 2140 inva-
1324 2053 1325 2058 ἵ

250 2194 279 2262 ‘.‘
296 2187 404 2259 dere:
432 2186 534 2259 illum
550 2187 647 2260 diem
675 2207 733 2259 aut
759 2187 874 2260 omnis
904 2189 1037 2262 labores
1061 2195 1095 2264 δι
1118 2188 1240 2262 vitro*

249 2314 277 2348 “
295 2305 360 2380 rias
376 2308 684 2398 confirmaturum,
711 2327 771 2380 aut
794 2333 1043 2382 maxumarum
1058 2337 1232 2384 aerumna-
1324 2377 1325 2398 ,

248 2435 277 2469 “
294 2454 373 2502 rum
387 2425 528 2502 initium
547 2425 659 2499 sore.''
709 2429 770 2500 Ad
793 2415 868 2502 hoc*
884 2428 1025 2519 viritim,
1041 2427 1093 2504 uti
1106 2457 1231 2527 quem-

248 2573 331 2647 que,
356 2550 404 2622 ob
426 2547 572 2622 militare
595 2544 743 2639 facinus,
769 2548 918 2646 pecunia
934 2573 994 2623 aut
1016 2551 1153 2626 honore
1169 2579 1232 2626 ex-
1259 2555 1262 2558 ’

246 2672 385 2763 tulerat,
413 2666 714 2742 commonefacere
731 2670 891 2744 beneficii
916 2670 980 2762 sui,
1008 2676 1041 2745 &
1067 2697 1151 2746 eum
1175 2674 1231 2771 ip·

246 2791 324 2866 sum
353 2790 428 2864 aliis
453 2790 649 2864 ostentare:
685 2791 875 2889 postremo,
905 2819 967 2890 pro
990 2790 1156 2890 cujusque
1177 2793 1231 2868 in-
1315 2779 1318 2784 ⁵

247 2912 365 3010 genio,
392 2912 606 3009 pollicend0‚
641 2890 851 3004 minitando,
877 2913 1097 3005 obtestando,
1122 2915 1234 2990 aliurn
1324 2909 1325 2960 3

248 3032 316 3104 alio
343 3033 452 3104 modo
482 3033 660 3106 excitare:
695 3059 779 3108 cum
802 3034 943 3108 interim
967 3037 1148 3128 Metellus,
1174 3037 1231 3136 ig·
1324 3063 1325 3112 1

143 3135 146 3139 .
188 3204 191 3210 «
245 3179 348 3226 narus
372 3151 537 3242 hostium,
567 3174 688 3226 monte
721 3156 928 3260 degrediens
962 3184 1045 3231 cum
1075 3158 1263 3233 exercitu
1324 3147 1325 3174 ¹

245 3271 466 3369 conspicitur,
516 3272 635 3346 Primo
659 3274 801 3364 dubius,
824 3276 994 3375 quidnam
1024 3278 1159 3352 insolita
1177 3278 1242 3354 fa*-

247 3393 316 3467 cies
333 3391 544 3484 ostenderet,
575 3396 678 3489 (nam
699 3387 790 3468 intei
818 3399 970 3496 virgulta
997 3399 1078 3498 equi
1098 3401 1230 3474 Numi·
1324 3475 1325 3478 ,

248 3515 425 3612 midaeque
458 3512 696 3605 consederant,
723 3541 838 3614 neque
856 3522 958 3615 plane
977 3521 1143 3594 occultati
1163 3522 1230 3594 hu-

245 3635 393 3709 militate
430 3638 610 3730 arborum,
651 3641 685 3708 &
721 3657 838 3711 tamen
870 3638 1006 3730 incerti,
1057 3632 1228 3739 quidnam

246 3757 349 3861 effet3
377 3781 459 3830 cum
482 3775 604 3831 natura
621 3757 704 3851 loci,
722 3753 808 3836 'tunt
824 3760 910 3834 dolo
926 3759 990 3859 ipfi
1010 3772 1115 3860 atque'
1135 3764 1230 3860 sigua
