2664 4692
257 347 326 446 236
522 341 823 414 Snirusrrr
873 336 1040 453 Hiar.-

353 514 525 586 Proxumus
539 513 621 598 huic,
646 511 795 609 longosed
800 507 959 606 proximus
975 509 1156 594 intervallo,

352 636 529 732 Insequitur
543 633 658 706 Salius.
1321 709 1322 729 ἢ

256 759 308 832 Ita
335 761 366 830 &
396 753 572 830 Sallustius
595 752 631 826 in
659 751 731 826 Situ
760 749 877 841 Ponti,
905 751 951 824 de
980 750 1237 848 promontoriis
1320 742 1323 816 Ϊ

257 878 541 976 Paphlagonum,
572 875 726 971 &quod
752 877 827 978 Κςιέ
858 880 1002 970 μέτωπον,
1031 873 1237 972 appellavit,
1321 887 1322 928 ἒ

256 995 378 1099 posuit.
412 993 542 1066 Nonius.
1319 1005 1322 1033 ³

353 1117 570 1212 Interrogasti,
578 1119 614 1208 st
627 1133 720 1204 tenes,
745 1117 892 1188 Maeotici

354 1240 443 1312 Situs
456 1240 527 1334 quir
542 1238 611 1330 effer
627 1241 768 1334 aequoris.
819 1237 998 1330 Sallustium

358 1359 477 1430 Noram
495 1360 529 1429 id
543 1359 664 1450 dedrffa
688 1359 775 1430 dicia
791 1357 830 1430 ὅ
845 1359 912 1454 ejus
922 1357 1057 1428 monibus

263 1545 266 1550 .
354 1479 579 1576 Praejudicatae
594 1482 794 1552 auctoritatis
809 1480 927 1583 ducier,

354 1597 426 1672 Non
442 1599 620 1672 abnuebam.
656 1599 775 1672 Festus
794 1597 963 1672 Avienus.

220 1773 223 1784 .
306 1721 429 1794 Portus
457 1721 503 1792 ab
532 1722 609 1794 Eoo
626 1721 736 1796 fluolu
753 1739 916 1793 curvatus
945 1717 982 1790 in
1010 1740 1145 1791 arcum.
1195 1718 1235 1794 In
1322 1805 1324 1827 Ι

257 1865 357 1914 arcus
376 1839 644 1917 similitudinem.
694 1839 750 1913 Sic
767 1841 812 1913 de
828 1841 944 1928 Ponto
960 1836 1155 1926 Sallustius,
1169 1863 1234 1910 un·
1323 1842 1324 1917 ἶ

258 1963 373 2038 dehic
390 1961 467 2035 tulit
484 1962 649 2038 colorem.
700 1963 795 2034 Nam
812 1957 962 2057 speciem
977 1956 1080 2035 efficit
1096 1957 1236 2054 Scythi-

259 2081 292 2156 ci
315 2108 423 2156 arcus.
474 2085 603 2155 Servius
615 2084 659 2154 ad
671 2109 736 2158 111.
754 2083 917 2153 AEneidos.

415 2241 513 2258 --·
531 2201 627 2276 Freto
650 2204 717 2272 lata
736 2204 880 2275 relucent.

307 2325 398 2396 Lata
414 2319 541 2398 'autem
564 2321 657 2412 ideo,
684 2321 765 2419 quia
782 2319 816 2394 se
832 2321 998 2420 angustia
1013 2321 1153 2396 Pontici
1170 2323 1239 2396 oris

257 2443 330 2518 illic
347 2441 508 2532 dilatant,
525 2443 576 2516 uti
594 2441 679 2516 dicit
697 2442 885 2517 Sallustius.
923 2447 1061 2516 Servius.

307 2565 396 2638 Teia
411 2585 528 2638 autem
545 2563 638 2639 dicta
653 2563 701 2638 est
722 2563 743 2639 a
759 2562 849 2644 Teio
868 2562 1095 2642 Anacreontis
1116 2565 1239 2636 Poctae

258 2685 380 2783 Lyrici
398 2685 546 2784 oppid0,
574 2686 671 2784 quod
688 2684 724 2756 in
742 2685 984 2782 Paphlagonia
998 2687 1065 2758 else
1083 2683 1238 2756 Sallusti-

259 2835 300 2881 us
322 2807 465 2897 indicat,
492 2833 575 2900 cum
604 2806 650 2884 de
676 2809 740 2887 situ
756 2804 904 2878 Pontico
933 2803 1096 2902 loquitur.
1150 2803 1238 2875 Com-

260 2944 352 2999 ment.
368 2932 402 2998 in
417 2933 532 3000 Horat.

118 3133 122 3138 A
309 3050 415 3120 Porro
432 3046 607 3126 Sallustius
633 3049 754 3119 aanor
777 3044 991 3118 certissumus
1013 3046 1138 3138 asserit,
1164 3065 1239 3124 tarn

106 3226 126 3255 „
260 3151 404 3264 Tigris,
431 3193 538 3264 quam
569 3165 754 3264 Euphratis
775 3166 812 3238 in
838 3165 1005 3248 Armenia
1033 3165 1146 3240 fontes
1175 3167 1238 3238 de,
1325 3195 1326 3198 ¹

261 3285 451 3361 monstrari.
499 3287 627 3359 Hieron.
646 3289 685 3358 de
699 3289 771 3356 locis
790 3287 871 3358 Heb.
1001 3375 1002 3381 ἵ
1325 3265 1326 3322 l

309 3410 404 3482 Cum
432 3407 532 3479 multi
550 3406 723 3480 ¹evaserint
738 3405 933 3503 Trojanum
951 3407 1161 3504 periculum,
1187 3407 1238 3479 uti
1325 3477 1326 3482 ,

261 3531 391 3626 Capys,
412 3513 484 3624 ,qui
503 3527 733 3624 Campaniam
749 3525 885 3612 tenuit3
912 3547 951 3612 ut
973 3529 1151 3618 Helenus,
1177 3526 1237 3625 qui

263 3649 387 3739 otalii,
415 3647 620 3738 Sardiniam,
647 3647 837 3721 secundum
850 3648 1058 3726 Sallustium.
1092 3653 1237 3725 Servius.

309 3767 530 3846 Sallustianos
547 3768 768 3868 Calpurniua
795 3767 998 3863 Hieronymus
1013 3772 1057 3848 ad
1072 3767 1155 3857 Ruf.
