2672 4682
233 317 278 398 28
450 307 1043 406 C.]CrtrsrrSnrausrrr

156 567 160 578 ,
232 493 260 532 “
278 513 376 562 mam
392 483 561 586 supplices
577 483 860 586 proficiscantur:
883 509 924 558 ea
951 482 1226 560 mansuetudine

230 616 384 708 “atque
419 604 646 684 misericordia
670 607 833 680 Senatum
855 606 1107 702 Populumque
1134 611 1218 680 Ro·

230 737 259 774 “
277 757 424 805 manum
440 728 572 825 semper
587 723 701 816 fuisse,
726 743 766 798 ut
787 741 898 798 'nemo
917 752 1089 824 umquam
1105 730 1151 802 ab
1169 745 1217 804 eo
1324 801 1325 804 ,

230 852 400 927 “frustra
440 847 612 922 auxilium
645 846 843 944 petiverit.”
907 851 958 939 Ar
991 847 1142 922 Catilina
1169 867 1219 923 ex
1324 883 1325 894 ¹

228 972 353 1048 itinere
379 967 549 1069 plerisque
576 966 835 1058 Consularibus,
863 989 1027 1066 praeterea
1050 972 1217 1068 Optumo
1324 1007 1325 1036 r

228 1095 355 1194 cuique
390 1091 518 1164 litteras
545 1088 689 1182 mittit:
740 1095 767 1132 “
782 1091 825 1162 Se
880 1087 969 1164 falfis
1004 1090 1214 1166 criminibus

230 1223 258 1262 “
276 1215 567 1301 circumventum,
609 1209 780 1308 quoniam
816 1209 957 1284 saffioni
987 1209 1214 1295 inimicorum
1324 1239 1325 1270 r

228 1343 256 1380 “
272 1333 420 1419 resistere
436 1329 646 1431 nequiverit,
678 1331 827 1406 sortunae
855 1333 993 1422 cedere,
1019 1334 1212 1410 Massiliam

228 1463 256 1500 “
273 1455 308 1528 in
327 1453 473 1528 exilium
492 1451 691 1550 proficisci:
722 1479 795 1527 non
812 1480 885 1552 quo
903 1452 963 1526 fibi
989 1455 1077 1528 tanti
1106 1455 1211 1530 scele-

226 1575 315 1648 “ris
344 1573 523 1662 conscius3
550 1573 607 1648 sed
635 1574 685 1649 uti
719 1573 914 1672 respublica
950 1566 1073 1674 quieta'
1092 1574 1209 1664 soret3

225 1701 252 1740 “
269 1722 358 1770 neve
382 1693 507 1776 exsua
533 1695 756 1768 contentione
771 1691 901 1770 seditio
924 1695 1106 1771 oriretur.”
1145 1700 1213 1782 Ab,
1324 1679 1325 1688 ἵ

223 1791 278 1893 his
294 1821 400 1916 longe
416 1815 564 1890 diversas
598 1816 768 1916 [litteras]
797 1818 1007 1918 QCatulus
1024 1817 1060 1888 in
1078 1819 1211 1890 Senatu

223 1938 394 2024 recitavit,
419 1963 503 2036 quas
527 1937 588 2012 srbi
606 1937 749 2012 nomine
763 1939 921 2013 Catilinae
941 1938 1093 2014 redditas
1109 1937 1207 2012 dice*
1324 1997 1325 2040 3

132 2151 135 2162 Δ
223 2065 292 2137 bat.
346 2061 477 2132 Earum
495 2061 700 2157 exemplum
718 2059 1000 2157 infrascriptum
1324 2041 1325 2118 Ῠ

229 2276 231 2281 .
270 2181 426 2256 XXXV.
464 2186 491 2222 “
509 2182 556 2253 L.
584 2181 795 2254 Carmen
816 2181 1013 2278 QCatulo
1035 2181 1069 2252 S.
1094 2183 1209 2280 Egre⁴
1324 2207 1325 2218 ¹

223 2302 327 2403 “gia
348 2322 409 2374 tua
432 2303 519 2375 fides
544 2329 580 2376 re
604 2301 920 2400 cognita‚.gratam
937 2301 973 2374 in
986 2301 1124 2398 magnis
1147 2329 1209 2400 pe÷
1291 2297 1293 2316 '

221 2423 383 2498 “riculis
409 2415 576 2496 fiduciam
607 2423 907 2499 commendationi
945 2447 1035 2494 mea
1072 2421 1206 2498 tribuit.
1324 2399 1325 2410 ἵ

217 2553 250 2590 “
268 2546 514 2642 Qramobrem
539 2541 773 2617 defensionem
791 2545 828 2616 in
852 2516 949 2618 novi)
971 2541 1112 2617 consilio
1134 2567 1209 2618 non

222 2675 250 2712 “
267 2664 369 2741 statui
393 2669 536 2762 parare:
565 2663 833 2739 satissaslionem
851 2691 896 2738 ex
913 2666 1010 2740 nulla
1028 2661 1207 2738 conscien·
1324 2679 1325 2682 ’

217 2780 250 2833 '“
265 2787 317 2860 tia
344 2787 400 2860 de*
423 2788 533 2883 culpa
551 2813 755 2884 ’proponere
788 2787 953 2861 decrevi:
998 2810 1106 2885 quam
1148 2813 1207 2860 me
1324 2781 1325 2822 ³

221 2917 250 2954 “
267 2907 357 2983 Dius
390 2907 492 2981 fidius
525 2933 643 2982 veram
684 2907 765 2982 licet
806 2907 1005 3008 cognoscas.
1066 2907 1206 3007 Injuriis
1242 2947 1245 2950 ·
1324 2905 1325 2908 ¹

142 3055 146 3061 ·
220 3039 249 3076 “
267 3029 555 3128 contumeliisque
573 3029 780 3120 concitatus,
812 3031 909 3129 quod
932 3029 1047 3103 fruelu
1076 3031 1205 3105 laboris

220 3159 248 3197 “
265 3149 515 3248 industriaque
543 3175 631 3223 meae
660 3151 831 3248 privatus,
862 3152 990 3225 statum
1025 3151 1205 3250 dignitatis

219 3279 248 3334 ‘·‘
265 3288 339 3346 no'n
356 3257 574 3362 obtinebam,
607 3271 790 3371 publicam
816 3271 1017 3346 miserorum
1035 3276 1203 3366 caussam:

219 3401 330 3492 “pro
363 3419 442 3466 mea
476 3390 726 3492 consuetudine
747 3391 900 3492 suscepi:
937 3419 1006 3467 non
1036 3393 1122 3492 quin
1157 3419 1204 3468 aes

112 3553 118 3561 =
218 3514 420 3589 “alienum
450 3513 535 3587 meis
553 3513 755 3588 nominibus
778 3539 823 3588 ex
846 3513 1111 3612 poffeffionibus'
1135 3514 1204 3588 sol·
1243 3538 1252 3546 ·

95 3631 104 3640 ’
218 3643 345 3710 “uere
372 3637 533 3744 poffem3
565 3661 646 3709 cum
664 3634 783 3710 alienis
799 3625 999 3710 nominibus
1015 3635 1201 3710 liberalitas
1260 3647 1262 3652 ’

217 3763 247 3802 “
263 3753 436 3833 Orestilla:
465 3755 532 3832 suis
560 3754 712 3856 filiaque
741 3757 853 3855 copiis
870 3753 1114 3857 persolveret:
1143 3755 1202 3832 sed
