2672 4682
238 371 283 446 52
412 333 1019 418 ‘C.CR1:s11·SA1,·ras111

239 521 322 595 “in
349 545 517 594 maxuma
536 517 687 617 pericula
703 517 850 607 venerit,
875 518 982 616 hique
1009 511 1145 593 indicio
1174 522 1225 596 T.

238 651 268 688 “
286 641 457 716 Volturcii
480 645 529 713 ¹&
570 639 764 736 legatorum
802 639 1040 740 Allobrogum
1069 641 1226 716 convicti
1322 677 1323 686 ¹

239 773 268 810 “
286 765 497 862 confeffique
531 761 608 848 fint,
647 762 793 831 eaedem.
831 760 1004 852 incendia,
1035 759 1101 836 alia
1125 759 1227 836 foeda
1322 809 1323 812 =

241 893 269 934 “
289 905 394 985 atque
411 880 564 957 crudelia
589 879 742 954 facinora
758 881 795 952 in
812 879 898 954 civis
916 881 1133 979 patriamque
1159 907 1224 980 pa·

241 1015 270 1053 “
289 1007 433 1088 raviffe3
463 1003 514 1092 de!
525 1000 694 1088 confessis,
718 1001 814 1074 sicuti
838 1003 883 1074 de
900 1001 1088 1075 manifestis
1105 1025 1225 1078 rerunt

242 1135 270 1172 “
288 1125 502 1222 capitalium,
532 1147 630 1196 more
645 1103 835 1219 majorum,
854 1121 1066 1230 sppplicium
1082 1124 1224 1198 sumen·
1322 1167 1323 1170 ¹

242 1255 269 1292 “
287 1246 411 1320 dum.''

304 1366 402 1438 LIII.
444 1349 667 1452 Po'sromu
700 1367 791 1440 Cato
823 1363 977 1439 adsedit:
1018 1364 1226 1441 Consulares

241 1511 363 1561 omnes
396 1484 552 1583 itemque
581 1489 725 1560 Senatus
755 1513 884 1586 magna
913 1515 991 1586 pars
1014 1486 1224 1562 sententiam
1322 1545 1323 1550 η

145 1609 150 1621 ’
239 1606 312 1704 ejus
340 1606 496 1696 laudant,
527 1607 694 1681 virtutem
721 1609 828 1681 animi
857 1611 898 1682 ad
919 1611 1050 1683 coelum
1078 1605 1222 1682 ferunt:
1322 1641 1323 1644 ¹

239 1727 296 1802 alii
312 1727 395 1798 alios
411 1726 626 1823 increpantes
639 1729 782 1801 timidos
795 1751 945 1804 vocant:
965 1731 1224 1827 Catomag‘nus
1322 1817 1323 1826 ἵ

240 1867 346 1946 atque
362 1848 474 1919 clarus
491 1849 659 1920 habetur:
687 1849 801 1937 Senati
829 1851 1012 1924 decretum
1039 1851 1092 1941 fit,
1124 1851 1225 1924 sicuti

239 1969 298 2041 ille
330 1966 516 2040 censuerat.
579 1969 646 2042 Sed
667 1969 765 2042 ‘milri
798 1973 909 2044 multa
940 1971 1083 2070 legenti,
1110 1971 1226 2046 multa
1322 2039 1323 2076 3

238 2087 406 2177 audienti,
426 2113 505 2184 quae
519 2091 669 2186 populus
688 2093 871 2164 Romanus
884 2092 984 2164 domi
1000 2091 1224 2191 militiaque,
1322 2099 1323 2158 l

222 2208 326 2281 amari
341 2227 446 2305 atque
464 2227 552 2281 terra
569 2209 733 2304 praeclara
759 2208 911 2282 facinora
926 2205 1022 2301 fecit,
1052 2210 1141 2286 forte
1166 2214 1224 2285 lu·
1322 2203 1323 2262 j

237 2327 315 2402 buit
332 2329 523 2417 attendere,
539 2350 617 2426 qua
635 2354 687 2401 res
704 2353 871 2402 maxume
887 2333 984 2402 tanta
1000 2333 1142 2428 negotia
1166 2331 1223 2406 su·
1322 2399 1323 2402 ,

237 2449 413 2538 dimittet,
476 2449 648 2540 Sciebam,
680 2449 769 2547 saepe
796 2475 944 2524 numero
971 2477 1079 2548 parva
1096 2475 1225 2562 manu
1322 2483 1323 2486 ¹

158 2623 167 2642 t
232 2595 321 2651 ,cum
366 2570 502 2668 magnis
540 2571 738 2669 legionibus
784 2571 940 2645 hostium
976 2573 1247 2648 contendisset
1322 2561 1323 2570 ἵ

237 2693 490 2789 cognoveram,
518 2692 633 2789 parvis
658 2691 767 2790 copiis
800 2693 892 2766 bella
910 2693 1003 2792 gesta
1022 2719 1105 2768 cum
1129 2721 1222 2791 opu·
1322 2759 1323 2762 ,

238 2813 340 2886 lentis
359 2814 512 2911 regibus:
533 2790 665 2888 adhoc
682 2813 769 2912 saepe
786 2813 934 2888 fortunae
945 2813 1146 2888 violentiam
1162 2835 1227 2920 to·¹
1289 2904 1298 2922 ·

221 2930 394 3006 *leravilse
408 2929 419 3006 'z
458 2933 622 3008 facundia
655 2938 818 3026 Graecos‚'
848 2935 959 3034 gloria
987 2935 1070 3010 belli
1099 2937 1221 3008 Gallos

237 3071 317 3126 ante
350 3055 534 3128 Romanos
560 3053 670 3129 fuiffe.
721 3061 778 3129 Ac
810 3055 900 3129 mihi
936 3057 1046 3129 multa
1076 3054 1221 3154 agitanti

239 3175 429 3264 constabat,
457 3201 651 3272 paucorum
681 3177 813 3252 civium
842 3178 1022 3278 egregiam
1051 3177 1220 3252 virtutem

239 3298 363 3369 cunda
380 3297 584 3392 patraville3
609 3281 721 3396 eoque
738 3296 885 3390 factum,
910 3301 962 3372 uti
978 3299 1115 3373 divitias
1132 3325 1225 3394 pau-

239 3437 367 3514 pertas,
402 3415 666 3516 multitudinem
708 3418 862 3515 paucitas
904 3419 1084 3519 superaret.
1152 3419 1222 3492 Sed

239 3538 422 3636 postquam
445 3539 531 3610 luxu
556 3556 663 3636 atque
675 3541 803 3615 desidia
826 3541 947 3615 civitas
964 3557 1124 3637 corrupta
1143 3539 1195 3612 est
1207 3568 1219 3626 3

235 3657 346 3731 rursus
369 3657 563 3756 respublica
591 3661 835 3760 magnitudine
855 3661 932 3750 ¹sua
953 3663 1221 3760 imperatorum

125 3783 126 3790 ’
238 3797 343 3878 atque
370 3776 632 3878 magistratuum
660 3781 746 3857 vitia
768 3781 999 3870 sustentabat3
1030 3808 1085 3874 ae,
1123 3779 1222 3856 ficuti
1322 3787 1323 3790 ’
