2662 4686
428 279 799 412 Jueunrum·
1031 339 1098 420 rm

104 486 193 566 item
214 489 253 563 in
271 487 415 589 agmine
438 490 475 563 in
492 491 614 590 primis
635 493 757 582 modo,
788 491 897 564 modo
915 484 949 563 in
967 494 1097 589 postte⁴
1145 500 1173 560 ω’

104 613 185 701 mis,
216 610 310 709 saepe
335 611 372 683 in
396 611 515 692 medio
540 599 667 703 adeffe,
699 638 744 685 ne
771 611 941 711 quispiam
976 616 1098 688 ordine

103 734 346 833 egrederetur,
371 731 423 806 uti
443 757 527 805 curn
545 732 649 832 fignis
663 733 863 830 frequentes
879 732 1095 824 incederent,

104 854 204 928 miles
222 854 347 927 cibum
368 857 402 926 δε
425 879 519 926 arma
542 859 704 951 portaret.
754 855 807 927 Ita
831 851 1052 951 prohibendo
1078 883 1099 928 a

104 965 241 1048 delictis
259 974 388 1072 magis,
409 999 517 1072 quarn
535 975 761 1067 vindicandO,
785 975 979 1050 exercitum
998 977 1097 1050 brevi

106 1097 348 1171 confirmavit.

151 1221 293 1293 XLVI.
319 1220 501 1292 Iuratus
519 1219 708 1318 Jugurtha,
734 1219 808 1309 ubi,
831 1241 910 1317 quae
928 1215 1097 1295 Metellus

102 1342 245 1438 agebat,
274 1365 320 1414 ex
345 1339 666 1438 nunciissaccepit3
702 1342 803 1414 simul
829 1344 874 1414 de
895 1342 1096 1416 innocentia

103 1459 179 1558 ejus
203 1460 329 1534 certior
347 1459 476 1535 Romae
499 1460 624 1550 faetus,
651 1461 807 1535 diffidere
829 1461 895 1536 suis
911 1465 1029 1554 rebus,
1055 1489 1096 1538 ac
1127 1495 1129 1504 '

103 1602 181 1669 turn
198 1581 347 1655 demum
364 1605 486 1656 veram
502 1581 720 1655 deditionem
743 1580 855 1655 facere
875 1581 1018 1658 conatus
1036 1586 1095 1659 est.
1133 1619 1136 1624 ·

101 1703 219 1802 Igitur
242 1705 374 1802 legatos
397 1705 443 1776 ad
465 1702 642 1777 consulem
667 1685 751 1776 cum
777 1702 951 1800 suppliciis
974 1705 1093 1796 mittit,

103 1824 173 1922 qui
208 1825 457 1899 tantummodo
484 1825 545 1922 ipsi
572 1824 755 1922 liberisque
788 1823 900 1896 vitam
925 1843 1094 1920 peterent,

102 1945 172 2018 alia
185 1945 306 2018 omnia
322 1947 488 2019 dederent
506 1947 640 2042 populo
657 1947 837 2018 Romano.
861 1945 928 2018 Sed
945 1948 1095 2019 Metello

95 2061 178 2167 jani
198 2087 302 2138 antea
317 2065 560 2164 experimentis
583 2065 767 2165 cognitum
795 2086 867 2140 erat
886 2092 996 2166 genus
1013 2070 1052 2140 N
1056 2095 1096 2140 u·

104 2188 288 2262 midarum
309 2187 474 2280 infidum,
508 2187 650 2288 ingenio
672 2187 810 2280 mobili,
840 2215 1013 2263 novarum
1042 2211 1095 2264 re·

103 2335 187 2384 rum
205 2308 362 2383 avidum.
413 2314 536 2409 Itaque
553 2311 686 2410 legatos
703 2310 812 2384 alium
829 2312 874 2384 ab
891 2310 960 2384 alio
976 2311 1094 2385 divor-

103 2431 157 2506 sos
174 2431 403 2530 adgreditur3
432 2459 473 2506 ac
496 2433 678 2530 paullatim
694 2432 878 2522 tentand0,
909 2433 1094 2532 postquam

104 2574 328 2652 opportunos
345 2554 530 2652 cognovit,
550 2557 664 2628 multa
681 2555 882 2651 pollicendo
899 2553 1093 2650 persuadet,

106 2683 133 2719 “
150 2675 205 2750 uti
230 2677 443 2774 jugurtham
471 2701 640 2748 maxume
666 2675 804 2764 vivum,
836 2678 884 2746 sin
910 2674 947 2745 id
971 2698 1096 2769 parum

107 2803 135 2838 “
155 2798 338 2894 procedat,
382 2816 544 2871 necatum
581 2795 642 2869 fibi
671 2797 845 2868 traderent
860 2795 896 2866 :''
938 2815 1096 2869 ceterum

105 2921 238 3016 palam,
278 2945 355 3015 quae
390 2943 435 2991 ex
463 2919 644 2992 voluntate
671 2916 799 3008 forent,
835 2915 910 3016 regi
938 2915 1119 2992 nuntiari.

98 3038 216 3138 jubet.
267 3039 407 3114 Deinde
429 3038 501 3137 ipse
525 3039 643 3137 paucis
663 3039 800 3130 diebuS,
829 3037 964 3111 intento
989 3057 1096 3138 atque

103 3160 228 3236 infesto
241 3162 408 3252 exercitu,
427 3161 464 3234 in
480 3157 691 3234 Numidiam
707 3160 881 3257 procedit:
907 3159 983 3254 ubi,
1010 3185 1094 3233 con*

104 3301 156 3357 tra
173 3282 260 3357 belli
278 3281 418 3372 faciem,
444 3281 585 3380 tuguria
610 3283 713 3379 plena
734 3282 936 3370 hominum,
967 3305 1096 3378 pecora

105 3401 325 3500 cultoresque
363 3402 399 3474 in
427 3403 542 3501 agris:
586 3428 631 3476 ex
664 3402 803 3500 oppidis
835 3407 869 3476 δι
899 3399 1095 3498 mapalibus

108 3524 265 3621 praefeeii
282 3523 395 3622 Regis
407 3523 504 3596 obvii
522 3525 771 3621 procedebant,
794 3522 917 3621 parari,
937 3519 1094 3593 frumen·

105 3663 185 3718 tum
202 3646 303 3734 dare,
332 3664 572 3718 commeatum
591 3664 738 3742 portare,
768 3643 944 3742 postremo
962 3641 1093 3733 omnia,
1125 3669 1163 3700 ι*

105 3791 185 3862 quae
214 3764 482 3862 imperarentur,
517 3763 641 3842 facere.
692 3768 822 3864 Neque
839 3759 1009 3837 Metellus
1038 3763 1093 3836 id·
