2664 4692
264 381 611 457 FRAGMENTA.
662 384 865 456 L113.VI.
989 411 1058 485 235

125 551 252 642 Orion,
273 550 376 650 juxta
392 551 605 642 Sallustium,
634 550 740 622 oritur
758 547 862 648 juxta
879 545 956 620 solis
974 549 1058 624 aesti-
1121 615 1130 642 τ

75 669 113 743 vi
135 671 287 766 pulsum.
337 674 434 745 Idem.
547 679 563 758 ,’

128 795 173 864 In
191 793 363 866 Flaminia
387 793 434 867 est
451 793 570 866 civitas
588 819 665 890 quae
696 793 780 864 Cale
804 790 943 880 dicitur,
972 789 1060 862 &in

75 913 197 984 Gallia
226 915 293 988 hoc
324 913 479 1004 nomine,
507 941 613 1011 quam
641 913 815 986 Sallustius
843 914 1062 1009 aPerpenna

76 1055 221 1128 captam
240 1055 502 1108 commemorat.
554 1035 649 1104 Idem.

130 1155 233 1225 Getae
251 1153 328 1226 sunt
346 1155 469 1250 Myfii,
496 1181 584 1252 quos
601 1153 774 1252 Saliustius
797 1180 818 1226 a
835 1152 989 1226 Lucullo
1006 1152 1059 1224 di-

77 1273 127 1347 cit
146 1275 213 1346 effe
230 1273 413 1370 superatos.
465 1277 561 1346 Idem.
612 1302 613 1310 ¹

131 1392 364 1492 Trojanorum
395 1415 554 1492 tempore
585 1397 862 1470 invadendarum
894 1414 1061 1466 terrarum

79 1516 197 1588 caussa
229 1514 340 1588 fuerat
374 1515 566 1616 navigatiO,
592 1517 643 1590 uti
688 1516 863 1589 Sallustius
885 1514 1060 1587 meminit.

80 1637 200 1742 Ιιίζνη..
474 1715 477 1726 ,

133 1756 299 1830 Curribus
327 1756 456 1830 falcatis
483 1755 557 1830 usos
583 1759 656 1830 effe.
676 1756 850 1852 antiquos,
876 1755 1000 1830 Livius
1027 1764 1060 1832 &

80 1877 259 1950 Sallustius
277 1879 417 1951 docent.
468 1879 564 1950 Idem.

134 1999 236 2071 Vices
255 1999 445 2097 significant
459 2023 629 2095 pugnam,
656 1996 760 2094 quia*
786 2021 846 2092 per
862 1996 1061 2072 viciffitudi-

84 2144 171 2191 nem
203 2122 435 2216 pugnabatur,
462 2139 499 2190 ut
517 2117 631 2216 inquit
648 2115 835 2194 Sallustius,
885 2118 983 2192 Idem.

110 2240 237 2310 ‘Creta
264 2239 382 2311 medio
405 2237 495 2337 jacet
519 2238 627 2312 insula
646 2257 768 2336 pont0,
796 2229 911 2328 idest,
938 2238 1058 2313 secun·

82 2361 173 2432 dum
197 2359 419 2450 Sallustium,
437 2360 560 2455 procul
576 2386 596 2432 a
612 2357 817 2432 continenti.
867 2339 966 2432 Idem.
1001 2395 1005 2402 »

132 2479 255 2554 Primo
273 2479 389 2553 mense
407 2480 496 2554 veris
512 2479 638 2553 dicitur
655 2507 790 2554 novum
808 2506 882 2569 ver,
909 2481 1061 2555 secundo
1103 2533 1105 2536 -

83 2627 144 2674 ver
161 2603 336 2690 adultum,
362 2601 462 2674 tertio
485 2626 659 2697 praeceps:
688 2604 772 2686 ficut
789 2599 894 2670 etiam
910 2599 1061 2674 Sallusti-

85 2752 123 2798 us
140 2723 226 2797 dicit
243 2723 390 2820 ubique,
410 2699 502 2796 nova
519 2720 628 2808 aestas,
646 2715 776 2806 adulta,
796 2743 960 2815 praeceps.
1014 2723 1062 2791 Id.

132 2843 307 2917 Sallustius
333 2842 368 2916 in
397 2841 558 2915 Historiis
576 2840 690 2926 tradit,
717 2837 909 2911 Sertorium
926 2838 1060 2914 viftum

86 2966 230 3038 voluisse
246 2963 365 3060 fugere
380 2963 424 3034 ad
441 2960 566 3034 insulas
585 2959 783 3032 fortunatas.
835 2960 948 3031 Acron.

131 3084 263 3158 Insulas
277 3082 467 3156 fortunatas
479 3080 656 3154 Sallustios
674 3081 819 3154 inclutas
836 3081 902 3152 effe
918 3078 964 3152 ait
981 3081 1062 3160 Ho-

86 3192 172 3278 meri
188 3202 436 3286 Carminibus„
473 3203 613 3273 Servius.
1059 3207 1062 3214 ’

133 3329 354 3398 Proxumum
373 3322 533 3394 dicebant
551 3340 696 3409 veteres,
725 3346 795 3392 non
812 3307 923 3393 solum
945 3322 1061 3392 adhae·
1090 3333 1091 3336 ’

87 3472 178 3536 rens,
200 3451 233 3518 δι
247 3441 464 3540 adjunfiium,
483 3467 607 3514 verum
625 3442 728 3514 etiam
745 3444 852 3537 longe
870 3461 1060 3529 remotum,

88 3569 108 3642 si
132 3587 252 3642 tamen
285 3564 373 3666 inter
397 3562 470 3636 duo
485 3560 640 3635 discreta
668 3561 755 3635 nihil
780 3561 936 3648 medium
957 3561 1060 3640 exsti.

87 3687 187 3774 tiffet,
241 3685 329 3780 Virg.
349 3685 430 3756 AEn.
457 3683 479 3761 l·
497 3707 532 3756 v.
956 3679 959 3685 ’
