2662 4686
385 315 732 427 Juuudcuu·
1029 359 1096 442 ης

112 513 252 602 milites,
306 516 336 554 “
349 534 395 584 ne
425 512 630 601 deficerem,
665 537 735 586 neu
769 531 969 610 paterentur
991 512 1099 593 hostis

113 634 336 733 “fugientes
361 631 526 706 vincere:
556 659 674 731 neque
700 633 767 707 illis
798 636 906 708 castra
933 639 1013 728 effe,
1036 665 1097 714 ne-

113 763 227 854 “que
247 752 520 846 munimentum
529 757 659 845 ullum,
685 758 948 854 quocedeutes
976 761 1096 834 tende-

113 885 139 921 “
155 897 257 950 rent:
289 873 325 948 in
345 877 448 950 armis
465 877 584 950 omnia
610 879 705 950 fita.”
756 877 823 951 Sed
850 905 895 951 ne
923 883 1100 978 jugurtha

112 1000 257 1099 quidem
274 998 406 1072 interea
423 979 583 1096 quietus}
608 999 808 1090 circumire,
833 1001 976 1092 hortari,
995 1028 1097 1076 reno-

111 1147 193 1204 vare
210 1120 387 1220 praelium,
419 1125 452 1192 u
470 1119 542 1218 ipse
559 1146 642 1194 cum
658 1121 796 1194 dileetis
808 1142 939 1197 tentare
957 1125 1095 1198 omnia:

110 1243 293 1318 subvenire
309 1235 390 1332 suiS,
410 1241 565 1316 hostibus
582 1243 699 1316 dubiis
716 1243 853 1334 instare,
874 1271 962 1344 quos
978 1248 1098 1320 firmos

111 1384 341 1465 cognoverat,
363 1364 504 1437 eminus
530 1364 724 1463 pugnando
750 1365 907 1440 retinere.

159 1488 241 1560 Lll.
269 1488 329 1559 Eo
353 1483 462 1560 modo
480 1485 570 1560 inter
587 1485 620 1559 se
637 1488 710 1559 duo
726 1486 952 1584 imperatores
968 1479 1099 1564 summi

110 1607 192 1698 viri,
217 1610 424 1681 certabant:
453 1607 514 1704 ipsi
543 1631 655 1704 pares,
692 1627 844 1681 ceterum
874 1611 1003 1708 opibus
1028 1611 1095 1686 dis·
1171 1708 1180 1716 ἱ

11 1755 12 1758 ’
94 1730 262 1828 ‚paribuu
312 1731 411 1803 Nam
429 1731 580 1802 Metello
597 1730 705 1803 virtus
723 1725 875 1802 militum
893 1751 979 1823 erat,
1000 1735 1097 1808 locus

110 1849 297 1925 advorsus:
328 1852 517 1949 Jugurthae
545 1851 611 1924 alia
637 1851 770 1943 omnia,
801 1872 924 1950 praeter
955 1853 1096 1944 milites,

111 1970 324 2072 opportuna.
381 1972 547 2072 Denique
574 1977 746 2064 Romani,
781 1973 844 2047 ubi
871 1972 1096 2078 intellegunt,

109 2119 229 2190 neque
248 2092 311 2165 libi
327 2092 527 2192 perfugium
541 2096 621 2186 effe,
648 2121 764 2194 neque
781 2098 826 2170 ab
839 2096 937 2170 hoste
955 2097 1099 2195 copiam

110 2213 295 2313 pugnandi
318 2213 415 2301 fieci3
442 2217 475 2290 e
496 2214 573 2315 jam
601 2216 659 2290 die
677 2214 809 2316 ⁹vesper
826 2237 898 2292 erat
910 2247 922 2305 3
948 2217 1099 2294 advorso

110 2337 216 2426 colle,
241 2335 340 2410 ficuti
367 2320 582 2435 praeceptum
600 2324 725 2431 filei-at,
740 2341 907 2414 evadunt.
959 2341 1100 2414 Amiffo

109 2459 200 2550 loco,
216 2457 391 2532 Numidae
405 2455 470 2532 fusi
481 2455 677 2560 fugatique,
702 2461 805 2559 pauci
817 2461 997 2550 interiere3
1022 2465 1097 2560 ple·
1115 2531 1122 2552 ,

107 2579 237 2678 rosque
264 2579 433 2654 velocitas
458 2583 492 2653 tc
520 2581 619 2680 regio
643 2583 801 2656 hostibus
834 2563 965 2682 ignata¹
986 2603 1098 2656 tutata

107 2699 198 2776 sunt.
249 2703 387 2776 Interea
401 2702 589 2794 Bomilcar,
620 2703 940 2804 quemielephantis
958 2707 992 2774 δι
1009 2703 1101 2800 parti

109 2823 296 2921 copiarum
313 2824 525 2920 pedestsium
548 2822 749 2922 praefectum
772 2826 816 2899 ab
842 2825 1020 2922 Jugurtha
1042 2823 1097 2897 lu-

107 2969 167 3042 pca
184 2944 365 3036 diximus,
393 2945 457 3020 ubi
479 2969 563 3019 eum
580 2945 736 3020 Rutilius
754 2948 1009 3044 praetergrelsus
1033 2947 1095 3040 est,

106 3066 294 3163 paullatim
307 3064 387 3140 suos
402 3067 439 3140 in
455 3093 601 3165 aequum·
611 3068 731 3141 locum
745 3067 888 3141 deducit
904 3096 912 3141 ε
940 3095 994 3160 ac,
1008 3071 1096 3158 dum

106 3186 247 3287 legatus
263 3190 308 3261 ad
325 3179 473 3279 flumen,
505 3215 578 3286 quo
603 3189 795 3286 ptaemillus
820 3209 906 3281 erat,
932 3191 1098 3265 festinans

108 3308 241 3408 pergit,
261 3302 412 3408 quietus,
426 3309 479 3384 uti
497 3337 548 3384 res
567 3311 775 3408 postulabat,
795 3313 907 3388 aciem
924 3329 1093 3385 exornat:

63 3483 66 3488 -
107 3454 224 3531 neque
241 3432 402 3524 remittit,
422 3433 508 3530 quid
529 3432 662 3532 ubique
686 3433 791 3508 hostis
808 3454 940 3534 ageret,
966 3432 1093 3529 explo-

107 3577 192 3626 mre.
244 3553 437 3652 Postquam
454 3554 636 3628 Rutilium
647 3551 837 3628 con-sediffe
846 3554 936 3654 jam,
964 3557 997 3626 δι
1021 3552 1096 3624 ani-

105 3701 171 3749 mo
182 3701 339 3750 vacuum
352 3675 500 3774 accepit,
520 3678 691 3775 simulque
709 3701 754 3750 ex
771 3677 955 3774 Jugurthae
974 3673 1095 3772 pt'aelio

107 3801 302 3875 clamorem
325 3798 469 3897 augeri3
499 3799 641 3889 veritus,
659 3824 711 3904 ne
719 3800 867 3895 legatus,
886 3795 1029 3896 cognita
1043 3823 1093 3888 re,

497 3953 500 3961 ·
561 3921 628 3992 12
