2672 4682
487 301 797 390 Cnrtnrua.¹
1084 325 1127 400 15

118 471 286 572 Lepido
312 470 527 564 consulibus,
552 476 592 548 P.
612 473 806 548 Autronius
825 475 857 546 δε
873 475 913 548 Ρ.
931 474 1026 548 Sulla
1043 475 1129 574 legi·

121 597 202 670 bus
240 593 394 668 ambitus
423 593 625 696 interrogati
656 621 777 691 poeuas
810 594 989 667 dederant.
1048 597 1131 670 Post

122 704 263 813 paullo
292 715 460 806 Catilina,
492 716 716 814 pecuniarum
745 713 1013 812 repetundarum
1039 743 1129 808 reus,

121 836 341 934 prohibims
367 857 440 908 erat
471 834 688 910 consulatum
723 856 836 932 petere
848 864 859 921 3
906 837 1004 934 quod
1042 836 1132 927 intra

120 956 322 1056 legitimos
356 956 429 1030 dies
459 957 617 1054 profiteri
646 955 852 1054 nequiverit.
904 958 987 1030 Erat
1004 959 1131 1032 eodem

120 1098 306 1176 ternpore
333 1079 401 1150 Cn'.
435 1077 527 1168 Piso,
559 1076 767 1151 adolescens
796 1077 936 1168 nobilis,
983 1077 1128 1152 summae

120 1199 312 1290 audaciae,
331 1226 453 1298 egens,
472 1194 646 1288 fastiosos,
666 1200 833 1297 quemad
853 1201 1128 1296 perturbandam

120 1320 399 1417 rempublicam
417 1320 535 1418 inopia
548 1338 654 1418 atque
670 1319 753 1392 mali
770 1345 883 1392 mores
894 1319 1128 1397 stimulabant,

123 1443 233 1515 Cum
253 1443 321 1515 hoc
340 1441 496 1514 Catilina
516 1445 549 1514 δι
573 1440 781 1529 Autronius,
806 1441 947 1514 consrlio
964 1423 1127 1516 commu·

131 1563 276 1653 nitate,
305 1565 477 1660 parabant
501 1561 537 1634 in
565 1561 742 1660 Capitolio
758 1561 925 1634 Kalendis
954 1563 1129 1656 Januariis

126 1686 180 1758 L.
199 1685 348 1757 Cottam
366 1688 399 1757 δι
416 1685 464 1756 L.
481 1684 705 1780 Torquatum
721 1679 886 1754 Consules
903 1682 1095 1758 interficere
1113 1715 1125 1772 3

129 1806 217 1902 ipsi,
254 1801 401 1878 fascibus
419 1803 598 1900 correptio,
632 1801 792 1876 Pisonem
810 1827 894 1876 cum
908 1803 1064 1876 exercitu
1083 1808 1128 1878 ad

125 1925 349 2000 obtinendas
365 1925 451 1997 duas
469 1922 658 2020 Hispanias
676 1923 827 1996 mittere.¹
874 1926 927 1998 Ea
949 1947 985 1996 re
1003 1925 1125 2023 cogni*

127 2068 170 2120 ta
200 2042 339 2134 rursus,
369 2043 404 2116 in
432 2047 555 2118 Nonas
584 2043 788 2118 Februarias
817 2043 998 2118 consilium
1021 2045 1126 2120 wcaedis

131 2165 397 2240 transtulerant.
447 2168 529 2262 Jam
555 2185 633 2238 tum
662 2192 735 2238 non
762 2165 971 2240 Consulibus
1001 2169 1125 2258 modu,

131 2285 196 2362 sed
213 2284 390 2385 plerisque
407 2286 633 2388 Senatoribus
657 2286 846 2383 perniciem
875 2287 1125 2362 machinaban-

134 2428 206 2481 tur.
258 2407 371 2505 Qrod
391 2407 425 2480 ni
443 2385 593 2501 Catilina
621 2409 819 2480 maturasset
847 2434 914 2506 pto
936 2409 1031 2483 curia
1059 2413 1126 2509 sig-

132 2553 223 2602 uum
250 2521 355 2601 sociis
382 2529 492 2614 dare;
519 2554 564 2600 eo·
590 2527 660 2618 die,
688 2529 763 2626 post
794 2515 974 2603 conditam
997 2534 1125 2605 urbem

135 2650 359 2741 Romanam,
400 2651 599 2746 pessumum
635 2648 769 2723 facinus
809 2671 984 2746 patratum
1026 2649 1124 2754 foret.

135 2770 231 2868 Qia
256 2771 422 2844 nondum
440 2768 638 2866 frequentes
655 2769 779 2842 armati
797 2789 1057 2856 convenerant3
1086 2771 1126 2844 ea

132 2915 187 2964 res
205 2891 394 2966 confilium
411 2889 561 2964 diremit.
1010 2894 1013 2899 ’

183 3013 293 3086 ΧΙΧ.
332 3013 489 3085 Posrsn
524 3010 601 3084 Piso
629 3011 666 3082 in
695 3010 889 3086 citeriorem
916 3010 1125 3108 Hispaniam

134 3132 301 3230 Quaestor
319 3157 384 3230 pto
400 3133 549 3206 Praetore
566 3131 684 3206 rniffus
702 3132 766 3223 est,
794 3133 971 3208 adnitente
988 3136 1123 3221 Craffm

130 3255 231 3349 quod
249 3279 339 3326 eum
356 3251 521 3326 infestum
550 3251 732 3326 inimicum
754 3254 821 3326 Cn.
844 3256 1018 3352 Pompeio
1040 3281 1125 3354 cog·
1212 3248 1215 3254 ’

133 3393 295 3446 noverat.
347 3374 478 3469 Neque
496 3392 614 3446 tamen
631 3371 765 3448 senatus
782 3375 1005 3448 Provinciam
1033 3375 1124 3448 invi-

135 3496 188 3566 tbs
204 3495 379 3568 dederat:
403 3492 534 3591 quippe
552 3491 690 3568 foedum
719 3495 901 3569 hominem
928 3523 949 3567 a
971 3497 1123 3592 republi-

136 3635 178 3683 ca
205 3615 333 3714 procul
357 3616 424 3687 effe
453 3614 613 3688 volebat:
642 3597 760 3705 simul,
799 3615 881 3712 quia
908 3615 993 3687 boni
1017 3641 1125 3713 quarn

137 3733 251 3834 plures
282 3734 492 3838 presidium*
509 3732 546 3810 in
569 3759 610 3806 eo
645 3736 838 3831 putabant:
878 3739 911 3806 δε
940 3731 1015 3831 jam
1047 3759 1125 3812 tum
