2662 4686
152 311 156 330 ¹
260 339 326 436 156
473 335 1097 418 C.Cn1snrsna-tusr11,

254 508 420 584 censum:
450 509 618 584 Numida
636 509 784 605 puberes
808 505 976 580 interfecti
989 536 1000 594 ;
1031 503 1088 579 alii
1114 531 1245 580 omnes

257 653 389 703 venum
408 631 505 704 dati:
542 631 660 727 praeda
677 627 847 702 militibus
864 625 984 700 divisa.
1035 627 1077 699 Id
1105 625 1245 700 facinus

192 805 195 816 1
255 750 444 849 contrajus
463 750 560 840 belli,
591 775 661 822 non
687 747 842 837 avaritia,
870 773 986 846 neque
1003 746 1127 821 scelere
1141 749 1242 820 Con-

255 871 336 945 sulis
354 871 561 957 admiffum3
597 869 653 944 sed
673 869 869 968 quia-locus
897 869 1085 965 Jugurthae
1107 893 1240 966 oppor-

255 1011 374 1083 tunus,
390 991 491 1066 nobis
509 992 604 1066 aditu
622 991 792 1064 difficilis:
824 1015 934 1088 genus
951 988 1137 1062 hominum
1159 1015 1240 1062 mo-

256 1113 339 1204 bile,
358 1113 523 1202 infidum,
546 1137 659 1210 neque
681 1111 867 1201 beneficio,
893 1135 1009 1210 neque
1025 1130 1123 1184 metu
1134 1135 1239 1200 ¹coer-

255 1235 376 1308 citum.

304 1357 418 1428 XCII.
455 1357 677 1442 Posrounm
712 1373 845 1428 tantam
880 1379 955 1428 rem
984 1354 1133 1443 Marius,
1170 1357 1240 1426 fine

256 1476 331 1548 ullo
370 1473 513 1548 suorum
545 1474 776 1548 incommodo
807 1476 980 1573 patravit3
1024 1501 1173 1576 magnus
1204 1479 1237 1546 ὅτ

257 1599 370 1670 clarus
388 1615 501 1684 antea,
515 1594 626 1695 major
645 1601 677 1668 δι
697 1595 818 1670 clarior
835 1596 953 1670 haberi
977 1595 1098 1693 coe-pit.
1148 1597 1239 1668 Om-

256 1719 314 1792 nia
339 1720 525 1796 nonzbene
547 1716 702 1792 consulta
731 1717 768 1789 in
795 1717 959 1790 virtutem
983 1718 1236 1790 trahebantur:

255 1839 390 1916 Milites
407 1837 565 1911 modesto
583 1837 731 1934 imperio
748 1837 858 1911 habiti
876 1839 990 1927 fimul,
1021 1841 1055 1909 tr
1080 1839 1238 1934 locuple-

256 1981 307 2066 tes
319 1961 365 2033 ad
382 1961 514 2034 coelum
533 1957 642 2032 ferre:
668 1957 837 2032 Numidae
854 1957 980 2056 magis,
1007 1982 1111 2054 quam
1139 1983 1238 2029 mon

191 2103 195 2110 '
255 2084 362 2154 talem
386 2081 534 2153 timere:
567 2079 743 2176 postremo
759 2095 880 2151 omnes
896 2075 977 2151 socii
994 2099 1100 2174 atque
1122 2078 1240 2151 hostes

204 2188 208 2202 ’
256 2202 397 2275 credere
429 2199 479 2272 illi
509 2219 568 2271 aut
601 2219 756 2272 mentem
789 2198 960 2286 divinam,
995 2218 1055 2270 aut
1087 2199 1239 2272 deorum

255 2339 342 2395 nutu
360 2321 484 2392 cuncta
502 2317 675 2415 portendi.
693 2319 759 2391 Sed
777 2316 921 2406 Consul,
939 2318 1000 2391 ubi
1018 2343 1129 2392 cares
1147 2322 1238 2394 bene

255 2439 385 2529 evenit,
416 2439 460 2511 ad
487 2438 552 2514 alia
568 2437 701 2535 oppida
719 2439 853 2537 pergit:
881 2463 1005 2536 pauca,
1036 2422 1237 2538 repugnan-

180 2652 187 2672 .
255 2562 349 2636 tibus
365 2559 549 2650 Numidis,
568 2558 685 2656 capit;
705 2561 804 2657 plura
820 2557 963 2649 deserta,
984 2582 1127 2657 propter
1143 2563 1236 2659 Cap·

254 2683 400 2757 senfium
437 2679 598 2770 miserias,
633 2667 709 2778 igni
746 2679 966 2777 corrumpit:
1005 2669 1236 2779 utrunque

256 2805 352 2878 caetle
378 2801 498 2876 omnia
524 2803 755 2899 complentur.
816 2779 981 2900 Denique
1007 2801 1125 2874 multis
1151 2803 1235 2876 locis

254 2925 400 3022 potitus,
419 2949 460 2996 ac
479 2922 648 3020 plerisque
665 2922 820 3004 exercitu
836 2921 1033 3013 incruent0,
1064 2924 1108 3005 ad
1130 2926 1235 2998 aliam

253 3069 328 3118 rem
345 3042 559 3140 adgreditur,
588 3069 662 3115 non
679 3045 801 3117 eadem
831 3042 1022 3139 asperitate,
1047 3069 1117 3140 qua
1139 3045 1234 3142 Cap-

208 3222 212 3237 .
253 3163 413 3252 sensium,
433 3183 588 3235 ceterum
607 3165 700 3235 haud
718 3162 812 3236 secus
828 3163 1019 3237 difficilem.
1067 3165 1236 3262 Namque

254 3284 351 3358 haud
374 3285 480 3380 longe
507 3307 527 3354 a
555 3281 701 3354 flumine·
718 3285 905 3374 Mulucha,
933 3286 1030 3380 quod
1048 3287 1235 3381 Jugurthae
1262 3261 1265 3269 Ι

252 3403 454 3502 Bocchique
490 3428 639 3500 regnum
665 3401 900 3500 disjungebat,
928 3424 999 3476 erat
1022 3404 1113 3477 inte-r
1142 3427 1234 3480 cete,

252 3555 327 3602 ram
346 3518 533 3624 planiciem
551 3517 653 3594 moris
666 3520 800 3612 saxeus,
816 3523 984 3596 mediocri
1002 3525 1140 3600 castello
1157 3525 1235 3600 satis

254 3670 387 3746 patens,
406 3645 441 3718 in
457 3641 665 3716 immensum
679 3644 804 3734 editus,
822 3670 895 3717 uno
909 3645 1118 3743 perangusto
1135 3647 1239 3720 aditu

254 3765 396 3842 relicto:
424 3791 505 3838 nam
535 3761 650 3838 omnis
684 3773 819 3856 natura,
853 3765 949 3837 velut
993 3791 1100 3864 opere
1128 3789 1235 3864 atquo
