2662 4686
399 288 798 384 Juuurtrua,¹
878 373 886 378 ,
1045 325 1110 400 ¹23

109 463 248 563 reliqui
264 463 338 538 cito
352 462 574 541 subveniunt.
635 472 764 567 Neque
787 467 920 542 diutius
944 473 1113 550 Numidae

113 586 273 662 refistere
292 585 496 684 quivissent,
532 589 568 662 ni
587 590 719 686 pedites
738 617 820 662 cum
838 590 1016 688 equitibus
1033 621 1111 691 per-

111 706 223 790 mixti
241 733 412 806 magnam
428 711 568 808 cladem
584 709 621 782 in
638 714 820 808 congrelsu
833 709 994 784 lacerent.
1021 716 1111 814 Qi-

113 831 185 902 bus
206 828 260 902 illi
278 827 369 920 freti,
400 857 487 920 noo,
520 851 559 904 ut
572 831 723 928 equestri
741 831 861 928 praelio
884 831 982 922 solet,
1001 833 1112 933 sequi,
1190 844 1192 850 ’

109 948 206 1024 dein
234 951 359 1024 cedere
368 935 383 1038 ’ς
414 950 472 1024 sed
498 953 650 1025 advorsis
672 953 769 1050 equis
796 979 1011 1046 concurrere,
1043 956 1110 1031 im·

119 1070 255 1166 plicare
280 1099 322 1146 ac
346 1075 545 1170 perturbare
561 1073 696 1146 aciem:
729 1074 774 1146 ita
796 1073 966 1172 expeditis
983 1077 1109 1174 pediti-

114 1199 186 1274 bus
205 1195 288 1286 suis,
320 1193 426 1282 hostis
445 1221 544 1291 paene
561 1194 671 1268 vidos
687 1177 783 1268 dare.

167 1320 254 1392 LX.
291 1319 439 1391 Eouam
457 1329 617 1412 tempore
639 1317 734 1413 apud
751 1318 899 1390 Zamam
924 1345 1053 1416 magna
1069 1319 1106 1392 vi

110 1441 327 1520 certabatur.
389 1437 465 1510 Ubi
500 1435 645 1537 quisque
679 1439 827 1536 legatus,
859 1458 919 1512 aut
947 1440 1105 1514 tribunus

113 1563 280 1649 curabat,
316 1559 561 1632 eo'acerrume
594 1557 682 1644 niti;
720 1585 835 1655 neque
865 1559 949 1632 alius
978 1561 1014 1633 in
1041 1562 1110 1635 alio

112 1681 247 1779 magis,
278 1705 388 1778 quam
402 1679 443 1756 'in
465 1679 531 1754 sese
548 1677 643 1778 spem
672 1682 799 1754 habere
816 1707 840 1752 ε.
857 1679 983 1786 pariter
1009 1683 1110 1779 oppi-

25 1879 28 1886 ,
115 1802 207 1877 dani
222 1827 336 1899 agere.
387 1802 618 1900 Obpugnare,
652 1821 712 1874 aut
731 1826 849 1898 parare
866 1800 1030 1874 omnibus
1056 1805 1108 1876 lo-

112 1923 193 1998 cis:
226 1922 363 1996 avidius
392 1922 487 1995 alteri
520 1924 642 1995 alteros
673 1921 834 2010 sauciare,
865 1947 972 2018 quam
1004 1921 1111 1996 semet

113 2063 260 2141 tegerea
314 2045 454 2117 Clamor
498 2042 690 2140 permixtus
723 2042 931 2133 hortatione,
973 2042 1106 2134 laetitia,

117 2147 285 2264 gemitu:
318 2163 403 2236 item
417 2164 578 2261 strepitus
596 2189 771 2236 armorum
789 2165 835 2236 ad
853 2164 985 2236 coelum
1002 2163 1106 2237 ferri:

117 2289 191 2359 tela
211 2285 389 2382 utrimque
406 2287 533 2364 volare.
581 2288 652 2360 Sed
663 2267 730 2378 illi,
760 2285 822 2384 qui
839 2285 971 2362 moenia
986 2283 1107 2358 defen-

115 2405 251 2497 sabant,
285 2405 348 2490 ubi
371 2407 481 2480 hostes
509 2389 704 2505 paullulum
733 2409 843 2484 modo
868 2431 1026 2506 pugnarn
1054 2431 1107 2478 re·
1175 2448 1179 2453 -

117 2525 295 2616 miserant,
322 2526 448 2602 intenti
466 2529 628 2624 praelium
650 2502 805 2627 equestre
833 2525 1106 2628 prospectabant.

119 2653 208 2739 Eos,
223 2647 276 2722 uti
295 2673 446 2746 quaeque
463 2651 648 2748 Jugurthae
671 2675 724 2721 res
743 2669 854 2737 erant,
869 2650 964 2719 laetos
982 2645 1105 2731 modu,

118 2773 228 2844 modo
247 2769 395 2867 pavidos
420 2739 748 2843 lanimadvorteres:
780 2794 835 2859 ac,
869 2765 966 2839 ficuti
994 2763 1106 2858 audiri

116 2890 231 2981 asnis,
263 2911 322 2963 aut
340 2891 598 2988 cernipoffent,
630 2915 773 2962 monere
791 2887 862 2978 alii,
893 2885 950 2959 alii
963 2885 1103 2976 hortasii,

116 3032 179 3086 aut
197 3038 307 3084 manu
321 3011 530 3110 significare,
558 3031 617 3084 aut
641 3010 703 3082 niti
725 3009 938 3107 corporibus,
970 3009 1104 3098 dehoc,

117 3133 219 3224 illuc,
248 3137 344 3230 quafi
362 3132 559 3222 vitabundi,
590 3151 649 3204 aut
672 3129 838 3229 jacientes
853 3133 935 3222 tela,
964 3129 1105 3228 agitare.

121 3255 230 3352 Q10d
250 3253 312 3326 ubi
330 3254 449 3327 Mario
467 3253 652 3352 cognitum
665 3253 717 3342 est
737 3256 837 3349 (nam
856 3255 883 3326 is
899 3254 935 3326 in
952 3279 991 3326 ea
1009 3271 1106 3347 parte

119 3377 282 3469 curabat)
302 3373 459 3448 consulto
476 3375 585 3450 lenius
602 3399 717 3473 agere,
751 3399 791 3446 ac
808 3373 1040 3446 diffidentiam
1057 3369 1107 3441 rei

121 3497 305 3570 fimulare:
343 3495 415 3592 pati
442 3495 618 3568 Numidas
637 3500 705 3568 fine
728 3496 883 3568 tumultu
907 3492 997 3590 regis
1019 3515 1104 3588 prce-

120 3615 204 3698 lium
223 3615 343 3689 visere.
404 3618 456 3689 lta
473 3617 539 3688 illis
555 3616 670 3689 studio
686 3615 827 3698 suorum
845 3613 1022 3706 adstrictis,
1053 3641 1104 3687 re-

119 3734 223 3841 pente
241 3761 375 3835 magna
391 3737 427 3813 vi
444 3763 587 3812 murum
613 3737 841 3838 adgreditur:
874 3739 907 3808 tc
919 3731 994 3833 jam
1011 3734 1105 3809 scalis
1185 3785 1187 3790 -
