2662 4686
366 362 710 472 Jpeunrnn
852 406 856 416 =
1011 400 1078 474 ιη

94 531 219 620 tudine
247 511 407 623 facinoris
432 543 620 642 perculsus,
647 546 692 620 ad
725 563 864 646 tempus
880 571 953 620 non
968 548 1077 639 venit,

97 665 283 766 metusque
308 691 383 740 retn
406 665 619 764 impediebat
631 693 641 752 3
672 665 847 746 Bomilcar
864 667 963 744 srmul
982 670 1079 766 cupi-

97 789 164 861 dus
180 787 320 884 incepta
337 787 511 884 patrandi,
543 785 721 861 &timore
749 785 830 860 socii
855 787 993 877 anxius,
1021 815 1080 881 ne,

98 909 224 982 omisso
254 927 371 983 vetere
401 907 718 1006 confili0‚'n0vum
745 928 927 1004 quaereret,
952 908 1080 982 litteras

97 1029 141 1102 ad
174 1055 259 1102 eum
291 1053 352 1126 per
376 1028 535 1102 homines
559 1028 671 1120 fidelis
694 1028 818 1118 mittit,
847 1011 1079 1105 “mollitiem

101 1156 128 1195 “
144 1148 409 1246 secordiamque
450 1148 513 1222 viri
543 1147 705 1239 accusari,
726 1129 871 1222 ,testari'
895 1149 993 1247 deos,
1019 1177 1081 1248 per

101 1275 127 1312 “
145 1253 236 1368 quos
251 1266 454 1366 juravisset;
484 1269 627 1366 praemia
658 1269 798 1380 Mqtelli
822 1269 859 1346 in
883 1253 1015 1368 pellem
1035 1298 1080 1350 ne

59 1395 61 1400 '
100 1397 127 1433 “
145 1409 364 1466 converteret
375 1419 386 1476 ;
407 1389 593 1488 Jugurth‘ae
608 1389 756 1472 exitium
773 1391 899 1482 adesse,
923 1412 1079 1474 ceterum

99 1515 127 1555 “
146 1511 261 1602 suane,
295 1535 341 1584 an
358 1510 486 1588 virtute
503 1510 643 1596 Metelli
660 1509 799 1608 periret,
819 1510 855 1585 id
875 1513 983 1587 modo
1006 1515 1079 1612 agi-
1192 1501 1195 1505 ’

100 1638 129 1680 “
147 1631 232 1713 tari:
263 1629 413 1729 proinde
441 1650 613 1728 reputaret
636 1656 718 1706 cum
746 1629 866 1706 animo
887 1631 960 1725 su0‚
990 1661 1079 1732 praes,

100 1759 127 1806 ⁴⁴
144 1751 231 1842 mia,
257 1778 302 1830 an
326 1751 518 1828 cruciatum
542 1751 699 1826 mallet.'’

146 1874 285 1952 LXXI.
311 1874 386 1948 san
406 1899 489 1950 cum
507 1873 562 1948 hae
579 1874 703 1948 litterae
721 1877 861 1966 adlatae,
877 1873 964 1950 forte
976 1879 1077 1950 Nab-

96 1993 203 2085 dalsa,
222 1994 376 2068 exercito
392 2019 540 2091 corpore
556 1992 671 2086 sellus,
696 1996 733 2078 in
755 1998 845 2070 lesio
870 1996 1077 2095 quiescebat.

14 2109 15 2116 '
95 2115 189 2203 Ubi,
234 2114 383 2213 cognitis
424 2113 629 2190 Bomilcaris
668 2115 796 2209 verbis,
836 2118 951 2216 primo
981 2146 1077 2210 cura,

14 2267 15 2270 ¹
93 2233 241 2326 deinde,
271 2233 320 2308 uti
343 2261 476 2334 aegrum
493 2235 651 2318 animum
679 2238 777 2330 solet,
801 2238 942 2317 somnus
971 2240 1078 2338 cepit.

94 2359 182 2430 Erat
217 2355 248 2430 ei
283 2357 445 2438 Numida
482 2358 629 2456 quidam
666 2359 889 2458 negotiorum
925 2383 1077 2450 curator,

15 2473 16 2482 '
93 2479 184 2554 fidus
214 2477 460 2577 acceptusque,
501 2483 535 2552 &
564 2480 725 2554 omnium
754 2481 990 2573 confiliorum,
1016 2482 1079 2556 nist

95 2599 297 2690 novissumi,
318 2599 501 2698 particeps.
552 2601 624 2700 Qu
650 2603 836 2701 postquam
864 2603 994 2676 adlatas
1020 2603 1078 2674 lit·
1115 2621 1122 2636 ’

93 2738 181 2794 teras
199 2720 347 2811 audivit,
374 2746 419 2796 ex
436 2719 692 2818 consuetudine,
702 2741 795 2795 ratus
813 2739 919 2820 opera
947 2741 1007 2794 aut
1024 2721 1078 2796 in«
1169 2812 1174 2823 Ι

96 2841 199 2940 genio
217 2840 280 2914 suo
307 2865 394 2938 opus
422 2844 503 2932 effe,
535 2841 570 2917 in
598 2844 863 2922 tabernaculum
892 2841 1075 2920 introivit:

96 2961 293 3037 dormiente
311 2961 372 3040 illo
390 2961 588 3059 epistolam,
617 2961 718 3062 super
734 2983 839 3061 caput
866 2961 902 3040 in
932 2962 1080 3060 pulvino

94 3103 226 3158 temere
245 3085 403 3179 positam,
419 3083 521 3158 sumit
539 3109 579 3158 ac
598 3083 756 3183 perlegit.
807 3083 900 3159 Dein
919 3111 1076 3183 propere,

97 3202 248 3302 cognitis
283 3202 426 3294 infidiis,
466 3205 511 3277 ad
545 3230 664 3304 regem
698 3204 824 3304 pergit.
884 3206 1101 3296 Nabdalsa,-

95 3324 171 3420 post
189 3325 308 3420 paullo
325 3327 559 3422 experreslus‚
588 3326 646 3404 ubi
675 3352 789 3425 neque
823 3325 1004 3424 epistolam
1022 3352 1075 3400 re-

96 3442 197 3540 perit,
226 3448 260 3517 ὅτ
279 3469 353 3518 rem
371 3469 528 3537 omnem,
554 3446 605 3522 uti
621 3449 711 3538 asia,
736 3448 927 3546 cognovit:
960 3445 1079 3543 primo

94 3563 247 3638 indicem
260 3564 419 3663 persequi
432 3586 575 3642 conatus
590 3597 601 3655 ;
616 3567 802 3666 postquam
814 3567 852 3641 id
864 3566 984 3640 frustra
996 3563 1077 3660 fuit,

93 3689 312 3785 Jugurtham
341 3687 500 3786 placandi
525 3687 635 3786 gratia
659 3689 808 3778 accedit,
856 3694 884 3729 “
899 3713 977 3784 quae
1008 3687 1081 3787 ipse

95 3814 119 3862 ’ἕ
137 3808 340 3912 paravisset,
354 3810 500 3914 perfidia
513 3809 648 3883 clientis
657 3807 708 3896 sui
721 3826 898 3908 praeventa
914 3810 950 3882 :''
964 3808 1082 3914 Ιειςωφ,Ι

559 3930 639 4036 Ks
