2672 4682
97 429 99 434 Ι
176 351 196 404 2
290 403 292 408 ,
366 327 960 407 Censuslmusru

175 519 253 576 ture
280 500 373 576 fallo
406 526 495 600 opus
525 501 584 576 est.
633 503 687 576 Ita
705 519 896 602 utrumque
925 525 987 602 per
1009 505 1043 579 se
1067 487 1158 581 indi-

176 651 278 724 gens,
302 626 449 698 alterum
466 622 602 696 alterius
629 622 760 696 auxilio
785 645 876 724 eget.

224 745 270 819 ll.
299 745 442 818 lorrun
460 742 557 818 initio
575 747 692 842 Reges
715 748 818 841 (narn
842 744 879 818 in
902 745 999 820 terris
1028 771 1159 822 nomen

176 865 314 964 imperii
346 864 383 938 id
417 863 835 962 primumfuit)divers1,
863 893 942 964 pars
958 866 1157 966 ingenium,

114 1053 116 1060 ,
177 987 235 1062 alii
254 1013 382 1085 corpus
395 987 624 1060 exercebant:
654 991 687 1060 δι
699 985 775 1085 jam
788 1007 866 1061 rum
883 987 954 1061 vita
971 987 1159 1063 hominum

177 1113 247 1185 fine
276 1107 466 1214 eupiditate
493 1106 700 1206 agitabatur,
724 1105 783 1182 sua
799 1108 928 1207 cuique
951 1108 1027 1184 satis
1043 1111 1157 1206 place-

175 1234 272 1306 bant.
320 1229 444 1302 Postea
467 1235 677 1328 veroquam
693 1228 729 1302 in
753 1233 834 1302 Afia
850 1230 975 1326 Cyrus,
1004 1231 1040 1304 in
1057 1233 1157 1305 Grae-

176 1352 230 1425 cia
257 1349 521 1424 Lacedaemonii
551 1353 585 1423 u
624 1347 851 1424 Athenienses
885 1377 1023 1449 coepere
1051 1355 1158 1427 urbes

175 1491 282 1569 atque
321 1470 475 1545 nationes
505 1468 677 1570 subigere,
712 1470 909 1545 lubidinem
929 1459 1156 1546 'dominandi

175 1593 324 1665 caussam
350 1593 433 1666 belli
456 1593 596 1684 habere,
626 1619 832 1668 maxumam
858 1593 1007 1692 gloriam
1023 1595 1059 1666 in
1082 1619 1156 1667 ma-

175 1739 286 1786 xumo
309 1707 456 1810 irnperio
479 1734 625 1810 putare:
655 1734 733 1788 tum
760 1717 906 1788 demum
924 1716 1079 1812 periculo
1103 1733 1156 1786 ar-

174 1859 244 1932 que
268 1833 418 1932 negotiis
445 1855 669 1932 compertum
691 1835 754 1927 est,
784 1836 819 1909 in
845 1837 938 1910 bello
961 1835 1156 1933 plurimum

172 1953 356 2053 ingenium
374 1958 480 2052 polle.
530 1957 640 2056 Qud
657 1959 680 2031 st
697 1983 823 2057 regum
847 1977 952 2056 atque
968 1957 1155 2054 imperato-

171 2099 251 2149 rum
266 2075 374 2148 animi
391 2075 499 2150 virtus
520 2076 557 2149 in
575 2103 660 2175 pace
676 2077 738 2169 ita,
762 2079 814 2151 uti
830 2079 867 2150 in
885 2079 991 2167 bello,
1009 2079 1155 2168 valeret,

172 2196 376 2296 aequabilius
400 2218 505 2296 atque
528 2198 738 2272 constantius
754 2195 820 2271 sese
841 2223 894 2272 res
911 2199 1075 2270 humanae
1093 2199 1154 2272 ha-

172 2320 316 2403 berent;
343 2343 457 2418 neque
485 2319 580 2392 aliud
618 2319 685 2394 alio
707 2317 802 2408 ferri,
823 2337 939 2416 neque
965 2317 1091 2390 mutari
1115 2346 1156 2394 ac

172 2438 307 2514 misceri
335 2440 456 2514 omnia
490 2466 656 2516 cerneres.
714 2441 811 2514 Nam
839 2438 1027 2546 imperium
1054 2438 1156 2514 facile
1274 2428 1280 2436 ’

170 2560 224 2632 his
255 2559 382 2636 artibus
420 2562 596 2653 retinetur,
627 2561 754 2660 quibus
787 2559 887 2634 initio
924 2581 1064 2658 partum
1092 2559 1154 2634 est.

171 2683 304 2756 Verum
325 2682 387 2756 ubi
413 2708 478 2781 pro
495 2686 613 2757 labore
640 2682 781 2772 desidia,
808 2707 871 2779 pro
887 2680 1102 2754 continentia
1118 2685 1154 2756 bt

170 2803 334 2899 aequitate
357 2804 483 2878 lubido
504 2824 611 2902 atque
633 2800 790 2901 superbia
811 2801 987 2889 invasere3
1015 2801 1156 2876 fortuna

171 2924 271 2996 simul
304 2949 389 2997 cum
422 2925 579 3000 moribus
614 2924 829 2998 immutatur.
888 2925 942 2998 Ita
965 2921 1155 3018 imperium

171 3047 307 3144 semper
344 3046 390 3117 ad
424 3065 611 3142 optumum
648 3071 825 3144 quemque
858 3072 879 3119 a
913 3043 1030 3118 minus
1057 3045 1156 3116 bono

168 3166 380 3245 transfertur.
429 3169 522 3265 Qtae
547 3167 706 3241 homines
723 3186 833 3258 arant,
859 3165 1043 3264 navigant,
1067 3163 1151 3238 adi,

169 3295 299 3380 fleant,
318 3286 440 3362 virtuti
459 3286 751 3385 omnia'parent„
778 3289 847 3360 Sed
868 3285 971 3360 multi
988 3286 1157 3373 mortales

165 3411 277 3488 dediti
300 3408 412 3483 ventri
435 3429 541 3508 atque
564 3407 698 3500 somno,
722 3407 854 3481 indosti
876 3405 1072 3504 incultique
1096 3405 1151 3478 vi-

168 3555 256 3624 tam,
276 3530 371 3606 ficuti
390 3531 661 3629 peregrinantes,
679 3527 889 3627 transegere:
909 3527 1050 3625 quibus,
1070 3551 1153 3623 pro·

169 3651 262 3730 sesto
298 3671 419 3726 eontra
444 3673 616 3742 naturam,
651 3673 777 3748 corpus
812 3646 998 3743 voluptati,
1033 3646 1153 3722 anima

168 3773 266 3851 oneri
289 3773 367 3848 suit.
419 3776 553 3848 Eorum
575 3797 643 3872 ego
671 3770 781 3847 vitam
810 3787 1030 3866 mortemque
1047 3765 1153 3868 juxta

1325 4433 1329 4646 l
