2668 4698
126 358 298 430 Conana
315 354 485 429 Luerun
502 353 682 430 Sanctum
696 355 960 432 carismata.
1006 351 1046 455 gi
1055 383 1074 454 3

102 527 178 598 mul
195 525 302 624 atque
316 527 522 600 ornatissime
539 529 744 625 complexus
760 527 820 616 est,
840 527 887 599 ita
903 550 983 600 vera
997 531 1097 620 effe,

103 646 199 719 s1cuti
221 646 363 738 dixerit,
401 648 618 722 existimare:
655 648 714 721 sed
747 650 852 746 longe
881 647 1080 746 graditura

104 764 271 840 sententia
287 793 374 842 mea.
425 773 559 867 Qaero
585 769 690 866 igitur
715 769 760 840 de
786 789 821 840 te
837 771 882 840 L.
901 770 1078 857 Hortensi,

104 906 209 984 teque
226 887 391 979 obtestor,
418 909 521 985 atque
539 887 681 962 obsecro
698 913 758 984 per
776 885 887 984 ipsum
904 885 961 985 jus
982 908 1081 962 vetu-
1164 871 1167 888 ¹

15 1019 16 1022 ’
72 1065 78 1078 ,
104 1007 253 1082 stiffimae
269 1007 391 1081 nostrae
408 1007 657 1097 familiaritatis,
685 1012 708 1080 fi
725 1011 771 1080 L.
788 993 975 1081 Catilinam
996 1034 1080 1081 con-

104 1129 170 1202 stat
186 1129 261 1201 dies
278 1155 414 1218 omnes,
441 1130 602 1202 omnium
618 1129 748 1202 civium
766 1128 986 1218 conscientia,
1014 1132 1082 1201 sive

105 1248 142 1322 in
159 1248 249 1338 for0,
277 1248 405 1322 sivein
432 1249 554 1322 turmis
582 1275 699 1347 agere,
726 1276 820 1322 nunc
848 1249 1009 1346 stipatum
1026 1275 1082 1322 ca·

107 1369 214 1443 tetvis
227 1370 459 1442 ¹exoletorum
490 1369 645 1460 suorum,
678 1396 771 1442 ntrnc
797 1396 880 1442 vero
911 1370 1081 1467 gladiato-

15 1567 16 1576 ,
107 1489 164 1562 riis
176 1487 376 1587 agminibus
394 1515 453 1586 per
469 1515 529 1562 ota
547 1489 647 1588 vulgi
677 1492 793 1586 palam
816 1479 1031 1564 olivolitare:
1060 1495 1084 1564 fi

107 1607 329 1686 manifestum
346 1609 395 1682 est
412 1611 531 1682 nostes
554 1635 675 1682 omnes
691 1609 803 1683 autin
822 1609 932 1682 lustris
953 1611 1083 1684 scorto-

102 1743 201 1822 rum,
227 1750 286 1804 aut
303 1730 339 1802 in
357 1731 459 1802 antris
477 1733 534 1804 M.
552 1733 666 1806 Laecae
677 1731 822 1818 ducere,
849 1728 929 1820 viri,
955 1729 1083 1828 tuo-ju.

109 1851 217 1942 dicio,
244 1877 316 1924 non
335 1850 550 1924 abhorrentis
577 1878 597 1924 a
620 1850 724 1948 Reip.
743 1849 905 1924 caritate:
934 1851 1085 1947 quidest

109 1974 206 2070 quod
234 1971 334 2044 illurn
357 1968 580 2045 obversatum
595 1971 690 2044 dicas
719 1971 756 2044 in
785 1990 949 2069 perpetua
971 1971 1085 2044 custo-

107 2091 182 2182 dia,
213 2112 317 2188 atque
337 2091 447 2166 oculis
468 2087 704 2165 Senatorum?
732 2091 794 2164 nist
816 2089 903 2164 forte
932 2091 1083 2166 custodi-

108 2239 167 2284 am
203 2197 417 2286 Senatoriam
446 2239 549 2286 vocas
583 2213 640 2286 vel
674 2211 840 2310 exiguam
874 2237 1010 2286 moram
1048 2213 1109 2299 in¹

115 2333 219 2430 ipfius
236 2333 337 2406 curiae
355 2333 510 2406 conciliis
523 2327 704 2406 obeundis.
742 2363 744 2374 ’
1136 2397 1140 2402 .

158 2455 335 2531 ΧΧΧΙΙΙ.
361 2454 469 2549 Qtod
492 2479 575 2526 vero
598 2453 743 2551 pertinet
761 2454 805 2527 ad
831 2454 934 2551 ipsius
949 2457 1086 2553 Cepio-

111 2573 163 2647 nis
206 2572 475 2647 familiaritatem
519 2572 697 2662 assiduam,
735 2575 1087 2674 benevolentiamque

111 2695 331 2793 singularem,
358 2691 445 2764 nihil
476 2692 525 2766 est
559 2695 656 2791 quod
686 2693 930 2766 insimulationi
963 2695 1087 2769 nostrae

109 2813 353 2910 derogandum
379 2813 445 2886 else
464 2811 636 2912 judicetis.
686 2813 852 2887 Diximus
875 2815 969 2887 enirn
986 2813 1086 2913 supe-

111 2931 181 3006 rius
208 2932 340 3030 ingenii
364 2933 521 3006 Catilina
551 2935 669 3024 miros,
707 2954 811 3031 atque
844 2934 1088 3010 occultiffimos

112 3053 178 3125 esse
195 3055 354 3143 recessus,
380 3081 444 3128 nec
465 3054 526 3150 qui
547 3053 722 3152 cognosci,
747 3055 804 3128 seu
824 3055 1019 3152 perlustrari
1036 3055 1087 3131 fa-

111 3172 240 3248 cillime
257 3175 401 3270 possent.
452 3174 582 3272 Vigent
598 3175 692 3248 enim
708 3175 744 3246 in
767 3175 826 3248 illa
841 3178 938 3250 clade
959 3204 1013 3252 res
1034 3179 1088 3251 di..

31 3377 34 3386 ,
111 3285 305 3366 versiffimae
334 3293 469 3390 pariter,
496 3294 720 3384 continentia,
753 3301 786 3370 &
819 3297 938 3371 libido.
978 3285 1090 3371 Nihil
1136 3354 1139 3360 .

110 3412 172 3485 illo
188 3411 339 3510 persaepe
367 3412 502 3486 affixius
520 3416 565 3487 ad
582 3417 729 3490 colenda
752 3398 928 3490 honorum
953 3417 1089 3504 consor-

23 3515 26 3524 *
110 3531 172 3622 tia,
199 3532 285 3604 nihil
311 3531 467 3604 solertius
493 3535 538 3607 ad
560 3534 626 3608 illis
649 3535 906 3621 insidiandum3
933 3536 1020 3608 nihil
1047 3537 1088 3608 il-

111 3653 178 3726 lius
196 3652 434 3726 munificentia
460 3653 638 3752 insignius,
665 3655 751 3730 nihil
769 3655 905 3729 avidius
921 3647 1101 3760 rapacitas

112 3791 171 3858 te;
200 3771 286 3878 nihil
318 3772 451 3851 acutius
485 3775 638 3867 consilio,
666 3776 752 3850 nihil
785 3775 978 3852 temeritate
1005 3802 1089 3850 con·
