2662 4686
374 347 718 444 Juou'uttrn.
1014 359 1081 454 '¹⁶3

95 541 207 622 utque
235 520 285 594 ita
300 521 358 596 ‘ab
374 521 538 596 omnibus
556 521 711 619 partibus
728 525 829 600 fimul
856 525 938 600 tecti
966 532 998 604 δι
1026 530 1081 605 in-

97 641 221 718 structi
247 640 399 718 hostium
424 641 499 717 vim
524 641 770 721 sustentabant.
977 745 982 749 ι

50 769 55 774 ’
148 765 319 840 XCVIII.
344 763 491 853 Nsonss
512 763 548 836 in
565 791 607 840 eo
624 784 697 839 tam
715 765 833 864 aspero
849 769 995 868 negotio
1013 791 1082 845 ter·

99 887 186 960 ritus
202 885 353 986 Marius,
372 903 431 960 aut
447 885 572 984 magis,
591 913 699 984 quam
717 908 830 992 antea,
848 889 995 966 demillo
1007 892 1083 966 ani-

99 1034 160 1080 mo
188 1005 280 1092 fuit3
307 1005 365 1080 sed
379 1031 462 1080 cum
480 1027 595 1082 turma
610 1007 682 1100 sua,
701 1036 807 1112 quam
825 1037 870 1085 ex
887 1007 1085 1086 fortiffumis

97 1128 338 1227 magis,quam
354 1128 646 1221 familiarissumis,
665 1153 856 1229 paraverat,
871 1132 997 1230 vagari·
1007 1134 1083 1232 pas-

100 1254 189 1340 fim3
225 1275 266 1324 ac
282 1251 392 1324 modo
410 1250 644 1326 laborantibus
660 1251 726 1326 suis
743 1251 952 1345 succurrere,
972 1256 1083 1330 modo

98 1371 224 1462 hostis,
258 1370 322 1445 ubi
354 1370 604 1446 confertissumi
637 1373 853 1466 obstiterant,
887 1374 1085 1454 invaderes

98 1517 209 1566 manu
252 1491 431 1566 consulere
471 1493 654 1584 militibus,
691 1494 860 1592 quoniam
897 1496 1082 1596 imperare,

101 1613 318 1688 conturbatis
334 1613 512 1688 vomnibus
542 1599 614 1688 non
638 1634 784 1713 poterat.
835 1620 987 1718 Jamque
1009 1620 1083 1696 dies

101 1734 302 1812 consumtus
329 1755 416 1826 erat,
439 1762 522 1810 cum
546 1757 665 1810 tamen
686 1735 825 1812 barbari
851 1737 936 1812 nihil
964 1739 1083 1814 remit·

100 1877 196 1942 tere3
226 1877 346 1954 atque,
373 1856 426 1946 uti
458 1883 557 1957 reges
583 1876 832 1955 praeceperant,
858 1860 998 1933 nouem
1018 1886 1083 1956 pro

99 1975 134 2054 Ie
150 1975 230 2068 rati,
252 1977 360 2055 acrius
377 1977 512 2052 instare.
561 1979 660 2051 Tum
676 1977 812 2052 Marius
839 2005 884 2052 ex
913 1979 1013 2078 copia
1031 2007 1084 2054 re·
1190 2057 1192 2062 ,

99 2125 185 2172 rum
208 2099 388 2174 confilium
405 2098 522 2190 trahit,
556 2119 676 2197 atque,
708 2099 761 2172 uti
779 2099 844 2176 suis
860 2101 1015 2199 receptui
1031 2103 1083 2176 lo-

101 2243 165 2292 cus
187 2220 282 2310 effet,
304 2220 402 2296 collis
418 2221 507 2294 duos
532 2220 750 2320 propinquos
766 2221 856 2296 inter
873 2221 1100 2322 se-occupat.'·'

100 2343 266 2438 Quorum
282 2339 319 2414 in
335 2368 420 2432 uno,
451 2341 568 2416 castris
587 2368 709 2441 parum
727 2345 862 2441 ampIO,
888 2341 965 2418 fons
978 2371 1084 2444 uquae

100 2487 252 2562 magnus
270 2482 366 2538 erat:
394 2465 479 2539 alter
503 2462 577 2540 usui
599 2484 829 2562 opportunus,
849 2465 932 2562 quia
954 2493 1084 2566 magna

102 2603 200 2679 parte
226 2583 389 2660 editus&
408 2610 561 2682 praeceps
584 2611 694 2682 pauca
711 2585 931 2664 munimento
950 2613 1083 2684 quaere-

99 2705 171 2780 bat.
215 2706 381 2781 Ceterum
399 2708 494 2805 apud
511 2732 640 2804 aquam
658 2706 889 2781 Sullam'cum
906 2705 1084 2802 equitibus

100 2829 241 2902 nollem
271 2826 401 2926 agitare
422 2825 537 2926 jubet.
597 2824 674 2924 Ipse
708 2823 886 2922 paullatim
918 2825 1084 2924 dispersos

100 2947 243 3039 milites,
287 2973 402 3048 neque
440 2949 555 3042 minus
594 2947 748 3024 hostibus
782 2945 1009 3036 conturbatis,
1048 2947 1086 3028 in
1166 2949 1167 2960 ’

99 3095 212 3143 unum
243 3069 441 3150 contrahit:
474 3069 557 3144 dein
586 3071 731 3144 cunnos
760 3070 866 3167 pleno
903 3068 1014 3167 gradu
1046 3054 1093 3146 in'

101 3191 232 3264 collem
249 3190 421 3267 subducit.
471 3195 525 3268 Ita
550 3217 662 3291 reges,
688 3191 758 3268 loci
786 3192 989 3268 difficultate
1022 3217 1084 3264 co-

101 3312 180 3403 ani,
206 3313 327 3410 praelio
351 3313 580 3392 deterrentur.
631 3316 760 3411 Neque
776 3333 894 3408 tamen
910 3311 988 3385 suos
1005 3314 1083 3383 lon·

103 3431 179 3529 gius
195 3433 291 3514 abire
309 3437 436 3536 finunt,
461 3432 533 3526 sed,
563 3455 712 3534 utroque
738 3437 827 3509 colle
851 3431 1084 3507 multitudine
1149 3526 1154 3533 q

101 3553 334 3646 circumdato,
360 3557 454 3630 effufi
472 3555 667 3630 consedere.
717 3556 811 3630 Dein
837 3552 965 3628 crebris
991 3552 1083 3649 igni·
1199 3571 1207 3584 ‘

98 3675 166 3748 bus
182 3675 295 3766 saulis,
323 3679 535 3776 plerumque
550 3676 662 3751 noctis
680 3676 816 3751 barbari
832 3673 893 3750 suo
910 3698 1006 3748 more
1023 3676 1084 3748 lae-
1208 3673 1210 3688 '

98 3794 178 3892 tari,
206 3795 390 3888 exsultare,
415 3799 563 3895 strepere
580 3797 748 3876 vocibus:
776 3797 839 3903 ipst
864 3797 971 3876 duces
994 3793 1083 3876 Iero-

527 3921 618 3999 Mz
833 3930 838 3938 ‘
