2664 4692
219 415 290 488 230
469 384 945 464 SancusrrrHrst.

271 569 392 664 Atque
421 590 461 637 ea
491 583 654 662 cogentes
671 587 742 635 non
760 561 897 634 coados
914 555 1069 631 scelestos
1087 557 1195 653 magis

221 711 329 785 quam
348 685 486 758 miseros
502 682 670 781 distringi.
722 683 816 753 Idem.
863 681 1076 750 Ibid.1v.1.

269 805 433 878 Graviori
456 805 565 893 bello,
597 829 669 902 quo
698 800 904 900 prohibituri
920 818 1086 872 venerant
1101 797 1194 888 socii,

220 924 359 1024 frigere.
409 924 494 996 Idem
512 951 547 995 v.
571 950 600 996 1.

271 1048 369 1118 Nam
389 1045 533 1140 quidem
550 1045 697 1140 Pyrrho,
717 1041 923 1131 Hannibali,
943 1065 1062 1138 aequor
1081 1043 1114 1112 δι
1133 1059 1196 1110 ter·

222 1191 268 1238 ta.
320 1167 369 1236 Id.
392 1167 518 1236 I'horm.
541 1191 570 1236 1.
593 1191 622 1235 1.

271 1288 368 1358 Nan
386 1286 489 1358 Sullae
506 1283 782 1356 dominationem
799 1282 958 1356 audebat.
986 1280 1070 1351 Idem
1092 1305 1147 1352 11.
1166 1305 1196 1376 3.

197 1463 201 1474 .
271 1407 400 1501 Neque
418 1404 465 1476 est
482 1401 640 1476 defensus
657 1403 932 1476 dominationem
950 1402 1065 1474 Sullae.
1117 1401 1198 1471 Idem

222 1526 298 1596 aaa
726 1496 732 1516 ’
879 1497 886 1514 “

271 1647 354 1718 Neu
377 1646 453 1742 quis
471 1646 583 1735 miles,
603 1671 691 1720 neve
708 1671 770 1742 pro
787 1641 906 1718 milite.
959 1642 1103 1713 Seruius.

156 1846 159 1854 ⁸
273 1769 330 1842 Ex
348 1766 528 1839 insolentia
545 1767 668 1839 avidus
686 1762 936 1838 malefaciendi.
987 1763 1085 1834 Idem.

205 1947 206 1952 ,
270 1888 397 1985 Tergis
426 1886 637 1960 vinciebant.
689 1886 786 1956 Idem.

198 2099 202 2108 ι
271 2007 468 2102 Charybdis
503 2034 580 2104 quae
613 2007 700 2078 forte
729 2006 822 2078 illata
851 2002 1033 2101 naufragia
1062 2001 1199 2076 sorbens

224 2127 421 2226 gurgitibus
440 2126 586 2198 occultis
604 2127 714 2198 millia
740 2124 917 2230 sexaginta
933 2123 1197 2198 Tauromenita-

222 2273 267 2320 na
284 2248 327 2318 ad
346 2247 445 2318 litora
461 2247 575 2328 trahit.
627 2246 723 2324 Idem.

271 2365 451 2462 Saguntini
478 2366 548 2436 fide
576 2388 680 2467 atque
706 2367 871 2452 aerumnis
890 2365 1011 2440 incluti
1030 2391 1092 2462 per
1108 2391 1199 2438 mor·

223 2485 345 2557 talium
363 2483 515 2557 studium
534 2484 680 2583 majores
698 2513 804 2584 quam
818 2486 958 2583 opibus,
979 2487 1111 2583 quippe
1124 2485 1200 2583 quis

223 2606 329 2694 etiam
354 2624 430 2678 tum
458 2605 617 2678 semiruta
645 2607 788 2697 moenia,
824 2608 949 2682 domus
967 2607 1116 2695 inte&ae‚
1140 2631 1199 2702 pa.

224 2725 391 2824 rietesque
404 2727 615 2823 templorum
629 2727 777 2800 ambusti
795 2753 917 2799 manns
929 2725 1079 2798 Punicas
1092 2727 1200 2799 osten..

223 2851 352 2923 tabant.
403 2847 534 2918 Hieron.
554 2853 586 2917 in
602 2847 762 2918 Haberur.
781 2871 856 2942 cap.
879 2873 933 2918 11.

276 2967 386 3060 Apud
405 2967 633 3039 Corduennos
646 2993 827 3039 amomum
845 2966 950 3040 &alii
968 2969 1061 3039 leves
1078 2968 1199 3040 odores

226 3084 429 3182 gignuntur.
457 3086 603 3180 Philerg.
622 3091 655 3156 in
677 3112 731 3157 1v.
752 3085 863 3184 Georg.
886 3086 1000 3183 Virgil.

273 3207 393 3301 Qem
409 3225 501 3284 trans
520 3204 680 3320 stagnum
699 3205 813 3294 omnis
846 3206 954 3312 usque
981 3207 1026 3280 ad
1056 3210 1199 3284 flumen.

224 3329 322 3399 Idem.

274 3450 436 3542 Repente
454 3444 609 3544 incautos
627 3471 728 3542 agros
751 3445 881 3520 invasu.
932 3449 1029 3523 Idem.

271 3568 357 3643 Belli
382 3566 452 3638 sani
477 3565 593 3638 sciens.
647 3561 756 3646 deren.
1318 3647 1319 3660 χ

273 3690 441 3784 Namque
468 3685 630 3758 omnium
659 3683 867 3760 ferociffumi
897 3690 942 3762 ad
970 3692 1036 3762 hoc
1064 3708 1201 3785 tempus

223 3807 346 3896 Achaei
365 3828 466 3906 atque
482 3805 589 3879 Tauri
609 3804 699 3895 sunt,
717 3808 829 3903 quod,
849 3831 1019 3904 quantum
1038 3806 1199 3907 conjicio,
1318 3799 1319 3808 ἵ
