2668 4698
242 343 315 422 274
522 319 1031 396 Dacnnnrnaro

239 493 343 584 tavit,
360 511 402 568 ut
420 492 508 566 nihil
525 519 640 592 neque
657 495 739 592 passa
754 484 832 584 sint,
856 516 973 592 neque
997 488 1231 592 exspestarint
1252 544 1257 554 -
1323 523 1324 578 l

241 614 383 712 gravius
399 611 482 688 socii
501 613 605 687 nostri
622 613 659 688 in
676 616 785 706 bellu,
805 639 914 713 quam
932 614 1068 712 experti
1085 612 1164 717 sunt
1192 615 1231 688 in
1323 595 1324 676 i

239 761 339 832 pace,
374 735 442 810 hoc
471 733 632 810 Africam
662 735 864 810 interiorem
890 735 1100 812 obtinente?
1131 735 1231 808 unde
1323 741 1324 782 ³

238 875 377 930 tantum
393 855 449 930 hic
467 857 636 947 exhausrt,
655 877 830 956 quantum
846 856 963 964 potuit
990 875 1050 931 aut
1075 856 1148 930 lide
1164 883 1229 930 no·
1323 917 1324 958 ,

238 977 376 1050 minum
392 975 560 1074 transjici,
574 999 634 1052 aut
652 979 688 1052 in
706 1003 813 1054 naves
829 977 1004 1054 contmdi.
1053 979 1231 1068 Tantum,

191 1125 206 1152 ³
237 1097 399 1196 inquam,
429 1101 469 1171 Ρ.
499 1099 542 1173 C.
574 1101 745 1191 exhausit,
774 1119 946 1198 quantum
976 1099 1102 1174 voluit.
1169 1100 1232 1173 Ne

237 1221 390 1293 caussam
416 1219 561 1310 diceret,
589 1219 743 1294 sestertio
759 1221 948 1296 duodecies
977 1247 1061 1296 cum
1092 1217 1232 1294 Caesare
1323 1215 1324 1304 ξ

239 1340 435 1438 paciscitur.
487 1341 598 1438 Qod
614 1345 638 1416 fi
657 1342 842 1442 quidpiam
859 1369 983 1416 eorum
1000 1340 1125 1416 salsum
1152 1341 1228 1428 est;

239 1461 298 1536 hic
318 1463 435 1559 palam
453 1461 584 1553 refelle,
615 1465 711 1538 unde
743 1485 796 1554 tu,
832 1464 892 1563 qui
923 1465 1094 1537 modone
1112 1481 1228 1560 pater-

237 1609 320 1656 nam
340 1583 486 1681 quidem
515 1567 679 1658 domum*
694 1585 863 1658 redimere
892 1585 1059 1683 potueris,
1085 1603 1229 1680 repente

237 1725 419 1802 tamquam
454 1703 591 1780 somnio
625 1708 760 1795 beatus,
805 1707 924 1780 hortos
958 1704 1234 1802 pretiofiffimos,

237 1825 359 1899 villam
388 1809 532 1900 Tiburti
559 1827 602 1900 C.
636 1823 792 1917 Caesaris,
827 1825 977 1923 reliquas
1009 1827 1230 1922 polseffiones

237 1948 440 2045 paraveris?
480 1950 610 2045 Neque
639 1933 756 2046 piguit
784 1973 954 2045 quaerere,
991 1973 1054 2020 cur
1087 1971 1159 2045 ego
1186 1949 1228 2020 P.

237 2068 343 2142 Craffi
359 2069 509 2141 domum
527 2067 708 2142 emissem:
735 2095 819 2142 cum
837 2088 876 2140 tu
893 2067 1018 2140 veteris
1037 2066 1131 2142 villae
1160 2069 1238 2150 (10-Ι

236 2189 354 2264 minus
372 2192 426 2279 fis,
445 2187 545 2285 cujus
564 2190 684 2286 paullo
695 2171 780 2270 ante
798 2187 910 2262 suerat
925 2186 1070 2262 Caesar?
1100 2191 1226 2280 modo,

237 2309 399 2407 inquam,
426 2307 638 2406 patrimonio
666 2335 739 2382 non
768 2305 920 2400 comesu,
954 2307 1013 2382 sed
1041 2310 1228 2404 devorato,

238 2431 367 2529 quibus
386 2428 578 2504 rationibus
598 2449 742 2528 repente
759 2429 869 2504 sadus
896 2443 932 2504 cs
961 2451 1034 2504 tam
1052 2432 1227 2522 adfinem,

239 2557 273 2625 δι
302 2571 375 2624 tam
404 2553 552 2626 beatus?
589 2553 686 2626 Nam
715 2551 794 2649 quis
820 2573 855 2626 te
887 2551 1015 2626 faceret
1043 2552 1226 2643 heredem,

235 2689 346 2772 quem
375 2699 420 2746 ne
436 2673 592 2747 amicum
626 2674 771 2772 quidem
805 2672 905 2748 suum
933 2672 1227 2748 satis'honestum

175 2875 177 2878 ,
239 2793 424 2894 quisquam
443 2793 504 2868 srbi
522 2793 632 2886 ducit,
659 2793 720 2866 nifi
739 2793 869 2884 fimilis,
896 2821 936 2870 ac
955 2794 1115 2894 partui?

289 2922 340 2989 At
368 2918 511 2989 hercule
536 2914 679 3014 egregia
704 2914 795 2989 salla
822 2914 996 3013 majorum
1024 2935 1168 2990 tuorum
1192 2935 1228 2990 te
1323 2915 1324 2930 ³

239 3036 414 3108 extollunt
431 3063 439 3107 ε
476 3063 629 3134 quorum
655 3040 723 3110 five
740 3057 780 3109 tu
797 3061 833 3110 es
850 3036 980 3126 similis,
1006 3041 1076 3110 five
1092 3037 1143 3111 illi
1159 3037 1224 3127 tui,
1323 3045 1324 3052 ’

153 3203 164 3217 2
235 3156 327 3246 nihil
345 3157 389 3228 ad
411 3155 574 3228 omnium
589 3156 712 3246 scelus,
731 3183 772 3232 ac
790 3157 985 3256 nequitiam
1002 3158 1086 3231 addi
1104 3159 1226 3255 potest.

206 3350 208 3358 ,
239 3269 388 3367 Verum,
407 3296 447 3349 ut
464 3277 601 3377 opinor,
620 3279 769 3352 honores
785 3279 836 3352 tui
861 3301 896 3352 te
922 3277 1054 3352 faciunt
1076 3277 1225 3352 insolen-

238 3423 324 3474 tem.
374 3398 449 3489 Tu,
480 3391 599 3494 Crispe
644 3399 792 3500 Sallusti,
821 3401 992 3474 tantidem
1021 3420 1125 3500 putas
1158 3403 1228 3474 effe
1323 3479 1324 3482 ,

239 3523 293 3598 bis
315 3521 521 3610 senatorem,
550 3524 583 3593 δι
618 3519 669 3593 bis
686 3521 894 3617 quaestorem
911 3523 1000 3612 fieri,
1021 3522 1144 3621 quanti
1173 3521 1225 3596 bis

239 3643 467 3738 consularem,
497 3645 531 3714 δι
560 3640 614 3715 bis
647 3639 924 3739 triumphalem?
951 3645 1090 3719 -Carere
1118 3644 1224 3716 debet
1323 3649 1324 3678 f

134 3802 139 3810 ·
240 3764 340 3838 omni
358 3763 460 3855 vitio,
487 3761 549 3862 qui
564 3761 603 3836 in
618 3763 766 3838 alterum
785 3784 924 3868 paratus
942 3763 991 3838 est
1009 3763 1143 3838 dicere.
1187 3765 1225 3836 'Is
1323 3759 1324 3774 ³
