2672 4682
410 339 726 416 'Curatum
1043 367 1089 441 29

91 517 247 615 “quod
280 543 357 591 non
391 517 519 617 dignos
546 517 708 592 homines
729 519 862 592 honore
895 515 1092 594 honestatos

93 645 124 681 ‘⁴
145 638 330 730 videbam,
377 665 507 737 meque
552 637 634 712 salsa
678 637 869 737 suspicione
899 638 1090 715 alienatum
1101 705 1107 726 ,

95 768 126 804 ⁴⁴
143 759 355 836 sentiebam.
407 761 494 836 Hoc
524 760 668 834 nomine
704 757 780 834 satis
814 757 975 834 honestas
1022 787 1087 858 pro

96 889 122 924 ⁴⁴
141 909 229 956 meo
248 879 327 956 casu
357 881 432 980 spes
460 882 603 980 reliquae
631 880 812 980 dignitatis
841 879 1089 956 conservanda

95 1011 121 1048 ‘⁴
139 1002 223 1077 sum
240 1001 391 1078 secutus.
440 1003 545 1076 Plura
561 1027 645 1076 cum
662 989 805 1078 scribere
823 1002 966 1092 vellem,
1000 1029 1089 1078 nun·

96 1133 123 1170 ‘⁴
141 1127 281 1200 ciaturn
309 1125 375 1216 est,
402 1123 479 1198 vim
512 1123 598 1197 mihi
626 1124 765 1222 parari.=
811 1117 921 1198 Nunc
944 1123 1088 1198 Orestil-

97 1249 222 1322 “lam
244 1247 461 1321 commendo
485 1266 625 1345 tuaeque
652 1244 735 1319 fidei
762 1246 873 1320 trado.
925 1247 1015 1320 Eam
1043 1248 1089 1322 ab
1167 1281 1170 1297 ·

96 1366 271 1467 “injuria
317 1361 500 1458 defendas,
550 1375 612 1465 per
656 1366 781 1442 liberos
815 1387 895 1440 tuos
931 1388 1086 1466 rogatus.

98 1497 127 1532 ⁴⁴
148 1490 334 1564 Haveto.'’

162 1613 338 1685 XXXVI.
374 1612 450 1684 Sao
485 1608 555 1707 ipse
590 1636 717 1708 paucos
746 1609 821 1683 dies
851 1632 1088 1686 commoratus

97 1732 197 1828 apud
215 1732 259 1804 C.
275 1730 490 1806 Flaminium
504 1734 708 1805 Flammam
735 1731 772 1806 in
805 1757 890 1830 agro
907 1733 1086 1824 Arretino,

86 1853 196 1938 ‚dur'n
212 1852 442 1943 vicinitatem,
477 1871 578 1925 antea
597 1849 831 1942 sollicitatam,
844 1852 961 1924 armis
987 1877 1087 1925 exor-

99 1993 175 2063 nat,
204 2001 289 2048 cum
305 1972 453 2048 fascibus
470 1995 575 2071 atque
591 1973 664 2047 aliis
680 1971 818 2070 imperii
836 1973 1026 2072 infignibus
1051 1974 1089 2082 in

99 2095 215 2168 castra
236 2095 282 2167 ad
310 2095 486 2189 Manlium
509 2093 700 2170 contendit.
752 2097 846 2170 Haec
870 2095 933 2170 ubi
959 2099 1088 2171 Romae

102 2235 307 2314 comperta;
332 2213 463 2290 senatus
489 2217 723 2290 “Catilinam
746 2222 779 2296 &
805 2216 987 2291 Manlium
1010 2217 1087 2291 hos·

101 2342 131 2378 ⁴⁴
149 2356 200 2409 tes
220 2335 379 2436 judicat;
419 2359 542 2412 ceterae
580 2337 798 2422 multitudini
826 2339 922 2414 diem
955 2340 1084 2432 statuit,

104 2463 131 2506 ‘⁴
146 2479 228 2532 ante
245 2485 354 2558 quam
371 2462 440 2534 fine
452 2458 572 2534 fraude
586 2460 702 2536 liceret
719 2451 764 2534 ab
781 2460 885 2534 armis
897 2458 1086 2553 discedere,

105 2585 131 2624 ⁴⁴
151 2601 270 2677 praeter
296 2607 412 2655 rerum
429 2581 630 2679 capitalium
650 2581 928 2658 condemnatis.''
956 2585 1085 2656 Praete·

105 2725 161 2772 rea
188 2702 359 2792 decernit,
394 2709 423 2745 ‘⁴
436 2680 488 2776 uli
516 2701 683 2776 Consules
707 2703 877 2776 dilectum
908 2704 1086 2788 habeant3

107 2827 134 2861 ‘⁴
153 2823 327 2898 Antonius
341 2850 424 2896 cum
435 2824 588 2898 exercitu
603 2824 788 2898 Catilinam
803 2822 960 2921 persequi
972 2843 1088 2898 matu-
1110 2825 1115 2842 ’

106 2949 133 2986 “
150 2967 212 3046 ret3
227 2946 355 3020 Cicero
371 2945 450 3020 urbi
461 2946 618 3044 praesrdio
636 2947 767 3019 fit.'’Ea
783 2944 984 3044 tempestate
1001 2945 1088 3020 mihi

105 3062 293 3162 imperium
310 3066 434 3164 populi
451 3067 607 3141 Romani
625 3069 738 3142 multo
762 3093 931 3160 maxume
950 3067 1087 3144 misera-

105 3183 170 3258 bile
198 3184 339 3260 visum:
380 3187 546 3261 cuicum
575 3189 620 3262 ad
649 3186 810 3264 occasum
839 3192 884 3263 ab
909 3210 986 3264 ortu
1010 3189 1088 3264 solis

106 3309 222 3381 omnia
238 3307 375 3380 domita
391 3309 495 3382 armis
512 3329 695 3407 paterent;
731 3311 831 3384 dorni
847 3311 960 3386 otium
982 3333 1090 3409 atque
1197 3385 1200 3392 .

106 3425 249 3518 divitiae,
281 3455 362 3526 quae
389 3429 500 3527 prima
517 3435 681 3506 mortales
703 3453 841 3530 putant,
871 3433 1064 3506 adfluerent
1076 3463 1088 3520 ;

107 3543 195 3623 suere
224 3570 346 3624 tamen
379 3550 486 3642 cives,
525 3553 585 3652 qui
606 3551 711 3652 seque
735 3579 879 3651 remque
908 3551 1090 3651 publicam

107 3669 283 3744 obstinatis
304 3670 431 3746 animis
454 3673 630 3772 perditum
654 3675 755 3749 irent.
805 3677 975 3773 Namque
1000 3675 1089 3750 duo·

108 3789 167 3876 bus
185 3791 303 3868 Senati
333 3793 480 3870 decretis
510 3819 554 3874 ex
579 3815 675 3872 tanta
704 3794 944 3888 multitudine,
975 3823 1090 3897 nequo
