2662 4686
385 369 731 467 Jooonnnm
990 401 1095 477 ,τῃ

11 637 12 642 Ν
159 493 374 622 ervrrr.
399 547 444 617 ι»
462 545 636 643 opptdum
656 541 704 619 ‘aa
732 539 881 620 sidonas
898 546 1096 643 conditum,

10 693 12 720 ³
110 693 204 769 quos
228 665 429 764 accepimus
462 666 629 765 profugos
668 669 717 739 ob
750 663 937 740 discordias
971 667 1096 762 civilis,

10 829 11 832 ¹
111 789 263 864 navibus
288 788 326 862 in
343 813 402 862 eos
419 790 516 862 locos
531 787 660 861 veniffe
677 815 685 859 :
719 805 873 860 ceterum
891 791 993 862 situm
1010 787 1099 863 inter

112 912 201 986 duas
219 899 342 1005 Sy'rtis,
362 908 489 1006 quibus
516 927 647 982 nornen
671 933 716 980 ex
732 931 768 982 re
784 905 949 982 inditum.
999 911 1100 984 Nam

110 1033 186 1105 duo
209 1029 289 1103 sunt
312 1031 401 1104 smus
426 1055 534 1128 prope
555 1029 591 1104 in
613 1047 770 1102 extrema
792 1025 924 1120 Africa,
950 1029 1098 1128 impares

112 1150 374 1251 magnitudine,
406 1149 482 1248 pari
498 1170 640 1224 natura:
668 1175 821 1248 quorum
839 1173 1013 1247 proxuma
1029 1135 1096 1224 ter-

110 1301 158 1350 rae
177 1273 322 1372 praealta
336 1271 431 1358 sunt;
464 1291 590 1363 cetera,
621 1271 673 1344 uti
702 1268 770 1343 fors
799 1269 891 1361 tulit,
914 1272 1006 1359 alta;
1031 1251 1098 1349 alia

110 1393 383 1492 intempestate
411 1392 548 1466 vadosa.
598 1393 695 1466 Nam
722 1390 785 1464 ubi
807 1415 900 1464 mare
924 1415 1096 1492 magnum

111 1518 196 1606 effe,
225 1513 523 1590 &saevire'ventis
539 1512 662 1610 coepit,
686 1512 812 1584 limum
827 1537 1037 1612 arenamque
1062 1518 1096 1588 a
1177 1507 1183 1524 '

111 1636 193 1712 saxa
218 1635 376 1735 ingentia
404 1637 529 1709 fluetus
548 1636 711 1710 trahunt:
736 1633 784 1705 ita
808 1631 910 1708 facies
935 1637 1097 1712 iocorum

113 1785 200 1835 eum
217 1757 329 1832 ventis
348 1758 447 1831 fimul
464 1773 631 1830 mutatur.
683 1752 768 1851 Ejus
798 1753 947 1828 civitatis
970 1757 1097 1855 lingua

114 1881 228 1955 modo
266 1877 430 1954 conversa
466 1876 643 1952 connubio
683 1875 949 1950 Numidarum:
985 1878 1094 1976 leges,

112 2000 299 2100 cultusque
336 2001 504 2100 pleraque
537 1995 710 2071 Sidonica.
771 1999 863 2095 Qae
892 2022 935 2070 eo
962 1994 1096 2072 facilins

112 2121 325 2212 retinebant,
353 2121 452 2218 quod
469 2121 594 2217 procul
611 2117 820 2217 ab'imperio
848 2117 937 2216 regis
958 2137 1095 2199 aetatem

112 2243 279 2340 agebant.
339 2243 434 2316 Inter
464 2240 543 2314 illos
572 2243 605 2313 δι
634 2237 854 2339 frequentem
882 2241 1094 2323 Numidiam

111 2361 218 2442 multi
243 2348 399 2461 vastique
424 2361 493 2438 loci
522 2381 629 2436 erant.

171 2485 353 2560 LXXIX.
395 2485 471 2560 Sao
502 2483 668 2582 quoniam
697 2482 735 2555 in
759 2484 819 2559 has
843 2483 1003 2581 regiones
1032 2511 1095 2584 per

110 2605 387 2704 Leptitanorum
405 2604 546 2704 negotia
569 2603 754 2690 venimus;
799 2595 873 2677 non
904 2605 1094 2702 indignum

5 2765 6 2776 κ
111 2727 253 2802 videtur
269 2726 452 2825 egregium
479 2745 584 2823 atque
612 2723 773 2798 mirabile
788 2723 920 2801 facinus
940 2725 1093 2800 duorum

5 2851 6 2918 3
112 2846 452 2946 Carthaginienssum
469 2869 677 2919 memorare.
720 2845 811 2918 Eam
829 2867 902 2916 rem
914 2845 1012 2919 locus
1030 2849 1091 2920 ad-

5 3009 6 3012 *
113 2969 264 3046 monuit.
325 2972 408 3070 Qa
423 2965 628 3064 tempestate
644 2962 942 3064 Carthaginienses
968 2969 1091 3066 pierae-

5 3111 7 3162 r
112 3115 179 3189 que
221 3087 351 3164 Africae
393 3088 649 3185 imperitabant,
697 3086 907 3184 Cyrenenses
948 3113 1092 3188 quoque

112 3210 234 3309 magni
250 3229 354 3310 atque
368 3208 533 3308 opulenti
557 3207 665 3284 fuere.
715 3214 814 3308 Ager
831 3209 868 3282 in
884 3209 1003 3284 medio·
1019 3237 1092 3284 are·

115 3330 228 3422 nosus,
253 3357 325 3405 una
352 3331 486 3430 specie:
523 3355 637 3428 neque
670 3333 816 3422 flumen,
852 3357 967 3430 neque
991 3357 1093 3404 mons

5 3509 6 3528 .
114 3471 195 3544 erat,
220 3451 283 3552 qui
300 3452 379 3526 finis
396 3479 517 3528 eorum
545 3452 773 3539 discerneret3
800 3479 879 3552 quae
901 3477 955 3524 res
977 3477 1037 3524 eos
1056 3451 1093 3525 iu

5 3593 7 3676 ᾗ
115 3597 246 3672 magno
262 3571 430 3648 diuturno
447 3575 541 3649 bello
558 3573 647 3647 inter
663 3572 696 3646 se
711 3573 843 3649 habuit.
902 3571 1092 3667 Postquam
1165 3645 1168 3652 ,

5 3683 7 3696 ’
113 3694 289 3793 utrimque
307 3693 475 3792 legiones,
508 3694 594 3768 item
621 3695 739 3770 claffes
764 3691 846 3766 fusae
876 3688 1091 3792 fugataeque,

5 3917 7 3930 .
114 3815 146 3893 δι
176 3814 276 3902 alteri
304 3815 425 3892 alteros
457 3815 678 3916 aliquantum
711 3813 944 3906 adtriverant3
976 3815 1091 3912 veriti,
