2668 4698
257 336 329 433 296
409 334 556 406 Poacrr
580 333 790 406 Latronis
814 331 1122 414 Drccnuarro·

258 523 396 578 ternum
423 505 589 598 dedecus,
612 525 717 604 atque
748 504 946 578 immortale
967 523 1238 578 monumentum

260 647 359 700 erunt
375 626 551 726 flagitiosae
567 625 791 723 turpitudinis
808 626 930 698 deletae
952 625 998 696 ad
1021 623 1161 696 Cannas
1188 645 1237 697 te·

259 747 419 822 meritate
446 745 505 820 sua
533 746 774 843 pulcherrima
803 748 1051 820 Romanorum
1068 743 1237 842 legiones,

260 893 340 964 quae
366 865 507 940 servatae
535 867 812 965 periculofiffimo
842 884 999 963 tempore
1032 863 1139 961 Reip.
1171 867 1237 938 line

258 987 368 1062 dubio
403 987 553 1078 fuissent,
579 991 614 1062 ἂ
643 989 750 1062 robur
781 986 952 1059 eximium
994 984 1237 1082 pulcherrimae

258 1107 369 1198 urbis,
405 1111 438 1180 δι
468 1129 674 1205 perpetuum
697 1110 803 1182 decus
828 1103 1014 1180 consularis
1030 1104 1235 1202 prudentiae,

257 1225 515 1325 disciplinaque
540 1228 706 1302 militaris.

307 1347 407 1422 XIV.
435 1349 547 1422 Reste
562 1349 680 1447 itaque
696 1347 843 1446 majores
859 1349 966 1422 nostri
989 1346 1133 1422 summis
1162 1350 1234 1422 lau·

255 1467 360 1542 dibus
376 1468 541 1542 efferendi
558 1467 649 1561 sunt,
673 1471 734 1569 qui
748 1471 832 1568 Spu.
857 1469 1023 1559 Melium,
1039 1471 1233 1559 Gracchos,

255 1588 318 1686 qui
351 1590 532 1664 Manlium
565 1591 822 1689 Capitolinum,
868 1590 930 1688 qui
962 1588 1131 1680 Drusum,
1175 1588 1234 1688 qui

255 1711 496 1803 Saturninum,
526 1711 722 1786 fortissimos
738 1711 911 1802 homines,
940 1717 975 1786 dt
1005 1709 1112 1807 Reip.
1128 1711 1237 1808 saepe-

255 1857 404 1906 numero
431 1859 503 1906 non
528 1832 749 1908 mediocriter
765 1832 967 1931 opitulatos,
998 1834 1095 1930 quod
1128 1834 1233 1906 deve·

255 1951 381 2025 niffent
404 1953 440 2026 in
469 1955 636 2028 affectata
653 1953 843 2050 tyrannidis
858 1952 1099 2050 suspicionem,
1126 1974 1237 2026 morte

251 2072 452 2146 multandos
470 2075 538 2147 else
554 2095 776 2171 putaverunt.
842 2076 922 2148 Nec
940 2075 1026 2171 Spu.
1044 2073 1162 2148 Melio
1182 2073 1231 2148 fa-

254 2217 319 2266 vor
350 2193 577 2291 amplissimus
603 2194 766 2286 civitatis,
800 2219 866 2268 nec
902 2191 1067 2268 Gracchis
1096 2195 1157 2268 avi
1188 2194 1237 2269 sui

253 2311 422 2408 Scipionis
438 2313 608 2386 clariffimi
625 2314 691 2388 viri
704 2314 897 2388 memoria:
934 2340 999 2388 nec
1017 2313 1161 2388 Manlio
1178 2340 1235 2388 ce-

118 2455 121 2460 ·
253 2433 435 2506 lebern'ma
451 2433 562 2531 gloria
573 2435 737 2532 Capitolii
753 2435 909 2510 liberati:
932 2461 998 2509 nec
1010 2431 1122 2509 Druso
1134 2432 1234 2508 sanc-

253 2552 370 2626 tiffitni
385 2551 438 2626 sui·
452 2573 617 2652 penates:
642 2581 707 2630 nec
725 2557 912 2631 Saturnino
927 2554 987 2654 jus
1012 2551 1235 2628 sacrosancta

245 2674 433 2774 'dignitatis
458 2675 625 2750 auxiliata
650 2675 739 2750 sunt.
788 2677 887 2775 Qid
902 2677 978 2750 ita?
1007 2673 1090 2773 quia
1099 2699 1232 2758 necem

252 2821 459 2894 paucorum,
478 2817 537 2872 aut
553 2795 654 2870 unius
671 2797 836 2888 hominis,
861 2796 1049 2891 calamitati
1079 2780 1236 2892 publicae

250 2917 397 3014 majores
426 2917 533 2990 nostri
560 2916 695 3016 semper
720 2920 1003 3015 anteponendam
1030 2919 1098 2991 esse
1127 2935 1230 3014 puta-

214 3061 216 3069 *
245 3057 383 3111 verunt.
431 3037 558 3134 Qtid?
595 3064 705 3136 genus
722 3037 935 3112 crudelitatis
952 3037 1125 3111 eximium
1152 3063 1224 3112 non
1320 3067 1321 3096 l

251 3156 329 3234 sunt
370 3155 539 3245 arbitrati,
579 3157 672 3232 cives
704 3185 763 3232 eos
793 3158 974 3256 perimere,
1017 3155 1230 3256 summisque

249 3279 403 3378 affligere
433 3275 619 3373 suppliciis,
655 3305 809 3376 quorum
845 3277 882 3351 in
921 3282 1053 3374 Remp.
1078 3277 1230 3375 persaepe
1320 3299 1321 3380 l

250 3400 430 3476 clarissima
455 3396 706 3486 beneficiorum
735 3423 861 3496 genera
894 3397 1114 3471 extitissent?
1154 3395 1227 3471 Mi·
1320 3387 1321 3474 l

221 3513 222 3516 ¹
251 3520 371 3594 nimes
447 3515 508 3592 uid
524 3515 597 3591 ita?
625 3518 707 3614 quia
723 3521 860 3602 nullum
877 3517 953 3594 satis
969 3509 1125 3616 *dignum
1149 3516 1225 3614 sup-

246 3639 347 3737 plicii
376 3661 484 3736 genus
511 3636 548 3709 in
582 3662 640 3712 eos
668 3636 823 3712 consumi
853 3641 949 3737 posse
976 3637 1223 3734 opinabantur,

251 3758 312 3857 qui
330 3757 446 3856 patria
473 3755 539 3833 suae
564 3757 764 3856 libertatem,
785 3759 982 3861 opprimere
1008 3757 1220 3834 statuissent:

1262 3895 1268 3906 '
1320 3897 1321 3930 l
