2668 4698
132 321 305 395 Conrrrs
321 323 692 396 Lucrnmssancruu
712 323 966 418 Cartiman.
1017 350 1087 428 299
1125 411 1127 416 ,

107 496 326 572 militonibus
343 493 426 589 tuis,
452 499 497 574 'ad
515 502 663 574 multam
681 502 834 591 nostem,
860 519 963 596 teque
982 500 1017 572 in
1034 501 1086 574 in·

108 616 286 708 teriorem,
306 645 375 692 una
388 645 471 692 cum
483 619 557 712 illo,
578 619 731 694 cubiculi
748 640 881 716 partem
894 598 1086 716 recepisses,

107 755 278 834 tanquam
308 738 343 811 in
378 737 562 816 sacrarium
595 740 824 814 memorabile
852 740 1088 836 cupiditatum

109 857 314 950 vestrarum,
354 879 497 958 repente
533 862 579 932 de
610 861 719 933 Laeca
748 859 903 934 sciscitari
937 859 1086 956 coepisti,

108 1001 198 1052 num
226 979 304 1077 quis
331 1005 377 1054 ex
404 977 590 1078 conjuratis
619 981 830 1054 advenisset:
867 1005 949 1054 cum
975 979 1098 1064 subito
1124 962 1127 968 ¹

109 1099 298 1190 Lentulus,
332 1125 373 1174 ac
402 1101 580 1198 Cethegus
607 1091 784 1174 teterrima
811 1101 924 1198 capita
953 1102 1088 1174 malefi-

108 1218 245 1294 ciorum
284 1219 459 1312 omnium,
513 1219 708 1311 furibundi,
745 1241 849 1319 atque
883 1223 1012 1296 alacres
1043 1222 1089 1295 ir·

108 1359 294 1436 ruperunt,
326 1366 484 1439 moxque
512 1341 649 1440 ingrefst
677 1341 862 1416 vociferare
887 1361 1087 1441 coeperunt,

112 1459 200 1557 quid
217 1460 293 1558 agis
304 1461 482 1535 Catilina?
518 1487 581 1536 cut
598 1445 794 1558 voluptates
812 1462 942 1536 nostras
957 1461 1088 1540 diutius

109 1581 317 1656 remoraris?
361 1583 486 1680 praesto
517 1580 595 1656 sunt
618 1580 808 1654 Saturnalia
834 1582 934 1657 nobis
958 1583 1087 1674 otiofis,

110 1723 216 1800 atque
227 1699 462 1794 oscitantibus,
489 1727 597 1802 quem
614 1727 727 1776 unum
743 1702 837 1776 diem
851 1700 1087 1800 saepenumero

109 1846 312 1921 nuncupare
326 1821 510 1913 solitus‘es,
536 1819 727 1897 eversorem
748 1819 975 1921 superbiffimi
991 1824 1087 1898 ordi·

107 1943 176 2033 nis,
200 1943 400 2042 fugatorem
418 1955 653 2018 aerumnarum
678 1943 886 2033 nostramm,
915 1944 1030 2018 lucem
1046 1967 1088 2018 ae

107 2064 305 2163 principem
330 2061 496 2138 universa
527 2063 649 2138 nostrae
678 2063 867 2163 dignitatis.
917 2067 1019 2140 Num
1047 2066 1084 2140 in

110 2183 276 2282 gerendis
303 2184 452 2284 negotiis
479 2185 616 2284 ignoras
641 2184 831 2282 sequendas
859 2186 925 2258 else
949 2203 1087 2284 tempo-

108 2331 191 2382 rum
219 2305 506 2402 opportunitates,
541 2306 635 2380 &in
658 2307 836 2380 occasione
859 2330 975 2380 rerum
1000 2307 1087 2380 defr-

107 2426 207 2504 diam
233 2451 274 2500 ac
299 2426 494 2500 tarditatem
524 2415 668 2500 omnem
697 2453 804 2525 quam
833 2425 1088 2524 diligentissime
1178 2456 1187 2465 ·

108 2541 346 2646 fugiendam?
377 2541 651 2622 Mutabililstmae
669 2547 816 2644 quidem
831 2546 908 2621 sunt
925 2549 1086 2644 Deorum

110 2670 324 2758 voluntates,
363 2670 396 2740 ὃς
425 2667 613 2758 fortunam,
642 2651 741 2742 cuml
754 2666 851 2740 abire
879 2666 1086 2764 permiseris,

107 2787 235 2864 frustra
258 2787 485 2885 postmodum
509 2787 743 2862 discedentem
767 2813 808 2860 ac
828 2785 1021 2885 fugientem
1046 2790 1087 2863 sis

108 2907 370 3006 imploraturus.¹
425 2907 527 2982 Talia
560 2927 848 3006 conquerentem,
893 2927 931 2981 tu
965 2907 1087 3004 paucis

109 3051 174 3128 pro
201 3053 239 3101 re
264 3023 476 3120 subsecutus,
515 3029 683 3126 Aquilam
712 3049 911 3128 argenteam
940 3026 1096 3126 proferri

14 3139 16 3144 ’
107 3149 279 3224 continuo
289 3146 424 3246 jussisti,
452 3151 651 3248 praeclaram
668 3149 840 3248 auspicem
857 3173 897 3224 ac
916 3153 1088 3250 guberna·

109 3270 235 3344 tricem
252 3268 375 3346 sororis
390 3271 442 3344 tui
460 3269 626 3344 suturam.
662 3269 789 3344 Testor
805 3273 946 3344 nostem
962 3269 1085 3368 ipsam,

109 3387 298 3489 impiarum
313 3387 536 3464 molitionum
549 3412 688 3480 tuarum
701 3390 875 3467 consciam
893 3417 932 3463 ac
949 3389 1085 3478 testem,

111 3511 199 3586 nihil
221 3535 268 3583 ex
289 3509 330 3584 iis
345 3536 402 3584 me
418 3509 555 3609 fugisse,
581 3537 659 3609 quae
676 3511 878 3587 clandestini
895 3508 996 3584 vestri
1025 3535 1085 3583 co-

110 3653 212 3706 natus
231 3630 462 3730 agitaverunt.
