2668 4698
131 331 303 407 Commi
320 331 493 406 Luciuii
512 332 695 406 Sanctum
713 333 975 408 CATILINAM.
1013 338 1082 435 287

91 504 152 596 est,
181 529 266 578 cum
297 529 369 602 qua
397 508 454 580 M.
482 506 689 604 Papyrium,
722 507 840 580 lucem
877 507 991 581 omnis
1019 535 1082 608 pa·

92 624 198 700 tritiae
229 623 422 724 dignitatis,
460 627 666 728 extinguere
701 627 920 701 moliebatur.
972 631 1081 704 Nunc

93 772 180 823 vero
211 747 406 825 dicendum
436 747 486 822 est
510 749 556 820 de
573 749 621 820 L.
651 748 809 822 Catilinae
831 748 1084 824 sceleratissima

90 891 224 959 mente,
242 889 347 966 atque
373 860 534 942 inusitata
564 870 731 966 nequitia,
765 893 873 968 quam
909 895 1022 967 nuper
1046 870 1084 944 in

90 990 253 1064 omnium
279 989 415 1064 ‘civium
445 981 633 1087 perniciem
655 989 878 1089 stragemque
907 992 1081 1066 redunda-

90 1132 220 1202 turam,
248 1110 309 1186 Dii
343 1110 558 1184 immortales
586 1111 623 1184 iri
653 1133 813 1186 autorem
833 1111 977 1205 sceleris,
1004 1135 1083 1188 tum

90 1231 310 1331 benignitate
349 1229 423 1323 sua,
463 1253 540 1306 tum
575 1232 743 1306 consulari
779 1233 901 1332 vigilia
935 1233 1081 1310 retorse-

90 1374 186 1427 runt.

137 1471 202 1550 IV.
227 1472 356 1572 Qaeso
372 1471 494 1573 igitur,
517 1472 669 1573 judices,
689 1474 875 1574 diligenter
896 1477 1080 1570 attendite,

88 1620 236 1694 remque
277 1595 478 1694 cognoscite
517 1597 701 1670 barbaram
730 1596 959 1672 crudelitate:
988 1601 1080 1697 peri·
1129 1640 1132 1649 ν

60 1711 63 1716 ¹
90 1720 174 1792 culo
193 1742 292 1808 vero,
324 1723 358 1790 δι
389 1716 588 1790 calamitate
617 1717 724 1814 Reip.
749 1717 1079 1815 perniciosissimam.

88 1837 225 1914 Lucius
263 1835 434 1935 siquidem
473 1837 626 1910 Catilina
660 1865 733 1911 non
770 1838 919 1937 ignobili
952 1866 1083 1938 genere

89 1959 271 2060 praeditus,
292 1983 407 2056 neque
425 1957 550 2032 infima
578 1957 719 2048 virtute,
748 1962 771 2031 si
787 1959 886 2034 dotes
904 1961 1080 2060 egregias,

88 2099 169 2156 tum
191 2078 352 2171 soitunae,
376 2100 455 2154 tum
482 2079 635 2176 corporis
659 2081 704 2154 ad
721 2079 932 2179 dignitatem
954 2082 1081 2174 Urbis,

89 2228 163 2276 non
181 2201 225 2274 ad
244 2201 432 2298 perniciem
450 2199 606 2274 conferre
620 2201 794 2291 statuisset,
822 2205 953 2302 Remp.
967 2229 1083 2302 nuper

88 2349 135 2396 ex
152 2322 365 2398 atrocissimis
396 2324 570 2414 bellorum
593 2322 753 2400 civilium
775 2325 976 2400 vulneribus
994 2354 1080 2425 pau-

88 2444 192 2542 lisper
208 2442 448 2541 respirantem,
475 2443 575 2518 novis
591 2443 720 2519 insidiis
749 2446 949 2544 opprimere
975 2475 1080 2522 cona-

88 2587 143 2640 tus
161 2565 221 2639 est.
272 2565 371 2664 Qrid
390 2565 626 2656 exhorruistis,
648 2563 823 2662 judices?
852 2571 939 2642 Nori
970 2571 1082 2642 modo

88 2685 290 2785 opprimere
315 2708 460 2770 conatus
489 2686 552 2777 est,
579 2686 637 2761 sed
663 2689 895 2762 crudelissime
923 2715 1077 2762 vexare:

81 2805 161 2882 'non
192 2831 320 2882 vexare
353 2828 505 2899 tantum,
543 2807 602 2882 sed
632 2807 790 2884 inaudito
824 2811 983 2908 quodam
1017 2836 1080 2911 ge·

87 2953 170 3008 nere
198 2928 338 3002 feritatis
355 2928 574 3028 extinguere.
624 2933 780 3003 Manum
805 2932 851 3004 ad
875 2930 913 3004 id
935 2957 1081 3042 compa·

88 3070 153 3139 rat,
184 3047 357 3125 diversam
387 3050 532 3150 quidem
562 3077 702 3149 genere,
740 3047 808 3125 sed‘
833 3053 1080 3153 magnitudine

86 3168 239 3262 sceleris,
294 3171 448 3270 vitaeqiie
482 3172 705 3246 similitudine
747 3199 837 3270 pene
875 3178 1077 3256 eamdem:

87 3317 196 3389 quam
226 3317 373 3372 manum
405 3296 647 3379 exacerbatam
675 3295 849 3370 continuo
870 3298 1015 3395 penuria
1031 3297 1080 3370 rei

87 3410 280 3504 familiaris,
318 3419 352 3488 δι
377 3417 425 3488 ob
455 3413 491 3487 id
520 3415 690 3488 desiderio
719 3420 846 3514 praedae
875 3416 1082 3492 mirabiliter

87 3538 312 3634 flagrantem,
347 3536 520 3610 illecebrae
563 3535 624 3610 sibi
662 3534 828 3612 facillime
866 3536 1079 3611 conciliave-

6 3683 7 3686 ’
89 3678 180 3730 runt.
231 3657 383 3730 Consilia
411 3655 531 3730 nefarii
558 3655 718 3730 facinoris
741 3657 778 3732 iii
808 3658 1006 3756 amplissimi
1029 3658 1079 3735 ci·

6 3891 8 3980 l

6 3861 7 3872 χ
89 3774 141 3850 vis
169 3779 227 3851 M.
254 3779 372 3852 Laecae
405 3778 515 3851 domo
540 3778 863 3876 decoquebantur..
