2662 4686
249 343 316 418 ¹74
435 317 1023 416 §.Crisernuausru

245 501 273 540 “
291 495 356 567 let:
382 493 559 592 colloquio
575 494 682 584 diem,
701 495 834 582 locum,
853 511 992 588 tempus
1004 489 1075 590 ipse
1091 491 1223 592 dilege.

245 621 273 658 “
291 634 362 688 ret:
389 613 542 688 consulta
557 613 623 689 sese
633 614 752 688 omnia
764 641 845 688 cum
858 613 921 686 illo
934 612 1068 710 integra
1081 612 1222 704 habere,

246 741 274 780 “
292 760 362 808 neu
379 737 564 834 Jugurthae
594 737 751 834 legatum
778 732 1030 833 pertimesceret
1042 761 1053 820 3
1083 759 1158 832 quo
1174 760 1225 811 res
1317 801 1318 822 ,

243 863 272 900 “
291 857 489 940 communis
506 857 665 930 licentius
682 877 879 956 gereretur3
906 881 988 928 nam
1022 857 1067 928 ab
1096 855 1225 928 infidiis
1317 887 1318 934 ι

159 997 163 1010 ·
246 985 274 1024 “
288 976 361 1076 ejus
371 977 469 1050 aliter
481 978 594 1051 caveri
605 975 834 1075 nequiviffe.”
847 977 914 1050 Sed
926 1001 995 1074 ego
1008 975 1222 1074 comperior,
1317 1055 1318 1058 Ἴ

131 1189 134 1203 Ι
244 1102 426 1180 Bocchum
445 1099 556 1198 magis
573 1098 705 1172 Punica
723 1099 807 1189 fide,
821 1123 930 1195 quam
942 1099 991 1170 ob
1008 1122 1085 1194 quae
1098 1097 1222 1192 praedi-
1317 1101 1318 1152 t

220 1225 223 1242 '
245 1222 361 1312 cahat,
379 1221 480 1293 simul
492 1224 677 1294 Romanos
689 1225 722 1292 δι
735 1219 931 1292 Numidam
949 1217 1008 1315 spe
1024 1215 1118 1314 pacis
1136 1217 1224 1292 adti‘
1317 1231 1318 1322 f

244 1343 368 1432 nuitse,
380 1341 605 1440 multumque
617 1367 700 1414 cum
713 1339 830 1414 animo
841 1339 902 1412 suo
914 1340 1057 1412 volvere
1069 1336 1224 1430 solitum,

244 1465 461 1562 Jugurtham
479 1461 664 1551 Romanis,
691 1487 736 1536 an
752 1461 801 1534 illi
819 1460 949 1534 Sullam
967 1459 1145 1532 traderet:
1175 1463 1226 1534 lu*
1317 1475 1318 1494 ¹

244 1583 403 1658 bidinem
421 1583 608 1658 advorsum
625 1609 701 1673 nos,
720 1601 856 1656 metum
874 1607 937 1680 pro
955 1581 1056 1656 nobis
1073 1581 1215 1656 suasisse.
1317 1659 1318 1664 ,

294 1707 393 1780 CIX.
417 1708 559 1780 lomus
573 1706 689 1782 Sulla:
716 1711 869 1801 “pauca
886 1727 1005 1776 coram
1018 1701 1150 1799 Aspare
1172 1706 1225 1777 lo-

246 1833 274 1870 “
291 1846 478 1912 cuturum3
509 1843 620 1899 cetera
635 1826 786 1916 occulte,
821 1843 880 1898 aut
900 1825 1011 1913 nu110,
1041 1843 1101 1898 aut
1117 1851 1226 1922 quam

247 1954 275 1992 “
294 1946 500 2045 pauciffimis
528 1944 749 2046 praesentibus
765 1975 773 2017 :
788 1946 810 1977 ''
843 1946 943 2018 fimul
976 1944 1113 2032 edocet,
1146 1972 1228 2044 quae
1317 1975 1318 2010 ;

244 2067 545 2166 responderentur.
596 2067 797 2164 Postquam,
823 2063 921 2140 sicuti
944 2067 1113 2155 voluerat,
1138 2092 1225 2139 con·
1317 2073 1318 2106 ³

246 2190 360 2288 gressi,
384 2187 491 2261 dicit:
516 2195 544 2230 “
563 2187 595 2264 se
612 2185 947 2260 miss'umaConsule
975 2186 1104 2262 venisse
1127 2213 1224 2285 quae·
1317 2227 1318 2288 {

246 2316 274 2356 “
293 2314 393 2383 fitum
410 2312 455 2384 ab
472 2336 527 2400 e0,
541 2335 679 2407 pacem,
693 2335 736 2382 an
753 2309 886 2382 bellum
904 2307 1092 2408 agitaturus
1101 2306 1229 2382 foret.’²
1317 2307 1318 2318 ’

243 2430 343 2514 Turn
360 2455 435 2520 rex,
461 2430 512 2504 uti
537 2451 765 2528 praeceptum,
779 2505 784 2524 Ι
796 2436 822 2471 “
838 2428 915 2526 post
932 2429 1028 2502 diem
1044 2429 1225 2511 decimum
1317 2463 1318 2466 ’

246 2551 425 2626 “redire’'
452 2549 579 2650 jubet3
620 2559 647 2594 “
666 2578 706 2625 ac
736 2551 823 2624 nihil
851 2549 956 2623 etiam
982 2577 1077 2624 nunc
1105 2553 1225 2626 decre-

246 2680 274 2722 “
294 2673 392 2766 viffe,
418 2674 475 2748 sed
505 2673 565 2748 illo
582 2673 640 2748 die
658 2671 933 2771 responsurum.''
958 2671 1099 2746 Deinde
1120 2676 1228 2748 ambo

243 2796 282 2872 in
298 2797 356 2880 sua,
378 2796 485 2870 castra
506 2795 653 2894 digressi.
703 2797 771 2870 Sed
796 2794 858 2868 ubi
883 2795 1090 2892 plerumque
1115 2795 1228 2868 noctis

245 2919 416 3014 proceffit,
438 2918 533 2990 Sulla
560 2945 581 2990 a
613 2919 754 2990 Boccho
781 2918 919 2990 occulte
941 2918 1136 2990 arceffitur:
1181 2919 1228 2990 ab

244 3056 395 3134 utroque
411 3038 659 3111 tantummodo
683 3037 746 3110 fidi
769 3036 971 3134 interpretes
988 3035 1198 3112 adhibentur
1213 3066 1223 3120 ς

245 3175 410 3254 praetetea
445 3160 566 3231 Dabar
595 3157 844 3248 internuncius,
877 3155 1011 3230 sandius
1036 3157 1089 3230 vir
1118 3163 1152 3229 Sc
1180 3171 1228 3241 err

243 3276 412 3354 sententia
428 3280 613 3368 ambobus.
665 3283 721 3351 Ac
740 3278 855 3350 statim
873 3283 918 3352 fic
936 3305 998 3352 rex
1015 3277 1150 3376 incipit.

232 3427 253 3474 ,·
305 3401 385 3474 CX.
413 3405 440 3440 ‘⁶
454 3400 676 3485 Nunmnn
695 3425 762 3497 ego
779 3419 873 3473 ratus
889 3400 965 3474 sum
983 3399 1069 3490 fore,
1095 3398 1147 3472 uti
1161 3423 1226 3476 rex

247 3527 276 3570 “
294 3511 482 3595 matiumus
504 3519 541 3592 in
570 3522 635 3593 hac
651 3540 753 3611 terra,
773 3524 806 3592 ὅτ
824 3522 998 3614 omnium,
1018 3547 1107 3620 quos
1125 3519 1225 3609 novi,

247 3641 429 3738 “privato
455 3640 588 3714 homini
618 3643 765 3740 gratiam
790 3644 967 3716 deberem.
1025 3643 1071 3715 Et
1091 3643 1224 3731 hercle,

246 3769 274 3818 ‘⁴
292 3764 399 3854 Sulla,
430 3781 509 3840 ante
526 3783 560 3836 te
578 3763 774 3862 cognitum,
794 3763 913 3838 multis
930 3765 1124 3856 orantibus,
1150 3763 1224 3838 aliis
