2668 4698
121 341 294 418 Consua
311 341 482 417 Lucrunt
499 339 680 416 Saaotuu
693 341 959 419 Cluturnum.
1004 369 1074 444 303
1094 394 1095 398 =

94 516 304 592 censuerunt
315 518 570 592 removendum
587 543 607 590 e
622 518 762 606 Senatu,
789 516 987 616 multosque
1002 519 1077 620 dies
1166 497 1171 512 ’

93 635 131 710 in
155 637 302 711 vinculis
322 638 526 730 habendum
543 641 611 712 else
634 657 855 736 putaverunt.

146 760 251 834 XXI.
276 761 348 831 Vos
369 783 466 848 vero,
493 759 648 854 Judices,
672 758 860 834 Catilinam
877 784 949 832 non
967 761 1075 834 modo

98 879 193 976 leges
217 877 361 968 nostras,
388 899 494 977 atque
523 878 742 952 autoritatem
760 880 905 954 Senatus
923 879 1076 952 crudeli-

93 1017 147 1070 ter
164 995 445 1088 labefactantem,
471 1023 595 1072 verum
612 998 718 1072 etiam
729 999 904 1073 universos
921 999 1015 1074 cives
1029 1001 1075 1074 ad

93 1116 285 1215 perniciem
306 1115 412 1208 ferro,
439 1121 652 1216 flammaque
677 1121 906 1194 devocantem
930 1120 1076 1218 impune

93 1237 298 1334 perferetis?
350 1241 449 1334 Jacet
465 1240 573 1312 homo
598 1239 783 1336 prostratus
806 1259 935 1313 eventu
960 1241 1074 1318 maxi·

94 1384 236 1466 marum=
249 1357 492 1474 molitionum:
508 1343 560 1433 'ut
573 1359 634 1458 qui
647 1379 788 1435 conatus
806 1358 883 1432 suos
898 1359 1074 1434 conscien·
1166 1385 1171 1391 ·

93 1479 141 1552 tia
154 1477 267 1562 vestra'
281 1476 467 1576 patefaslos
484 1499 589 1576 atque
611 1479 789 1554 illustratos
806 1490 938 1571 cernat,
959 1508 1074 1580 neque
1093 1479 1098 1486 ’

94 1601 273 1675 conteslos
296 1597 408 1689 fuisse,
447 1597 505 1672 seu
538 1597 774 1696 superstitione
806 1601 940 1680 cruenti
965 1602 1073 1681 sacra·
1131 1611 1136 1622 ’

95 1719 220 1811 menti,
253 1718 311 1794 seu
335 1719 483 1792 tenebris
512 1719 702 1809 nostumis,
728 1718 785 1793 seu
806 1717 992 1797 solitudine
1019 1728 1071 1800 lo,

94 1854 216 1914 ctum
246 1840 463 1938 permaxima
493 1844 526 1912 ἃ
550 1839 723 1938 singulari.
772 1841 991 1915 Contundite
1007 1845 1074 1944 igi.

92 1980 163 2050 tur,
191 1961 407 2052 contundite,
434 1959 590 2055 J'udices,
618 1985 727 2058 genus
746 1959 836 2033 istud
858 1960 1002 2036 inauditi
1018 1965 1072 2039 fu.

93 2080 180 2154 roris
198 2110 208 2154 ι
232 2080 456 2178 comprimite
472 2079 653 2152 hominem
680 2079 880 2176 gestientem
898 2085 1073 2162 effraenata
1178 2075 1181 2081 Α

91 2200 300 2291 temeritate,
351 2205 554 2299 flagrantem
599 2198 764 2272 inusitatis
810 2202 1072 2298 cupiditatibus,

90 2320 266 2400 fiarentem
304 2321 495 2396 incredibili
535 2320 707 2418 superbia,
744 2319 803 2419 spe
832 2329 1074 2404 novandarum

89 2431 208 2516 rerum
232 2443 433 2522 mirabiliter
455 2441 735 2520 inflammatum:
763 2443 975 2541 quinetiam
1000 2475 1074 2524 rem

91 2562 201 2662 ipsam
232 2564 409 2660 publicam
438 2589 510 2637 non
539 2565 647 2635 modo
675 2585 803 2638 eventu
835 2567 1074 2645 crudelissnnae

93 2683 317 2774 calamitatis,
345 2709 469 2757 verum
494 2683 600 2756 etiam
624 2703 737 2774 metu,
764 2708 804 2756 ac
826 2680 1015 2781 suspicione
1031 2689 1080 2762 li·,

91 2808 222 2878 berate.
554 2881 563 2890 ,

115 2926 236 3000 XXII.
262 2914 430 3000 Diximus
447 2925 610 3023 equidem
633 2922 841 2999 sufficienter
863 2927 911 3000 de
928 2929 1072 3002 Senato-

90 3046 140 3128 ria
163 3048 343 3146 fimultate
356 3045 462 3119 Lucii
476 3046 648 3136 Catilinae,
675 3045 787 3143 capite
804 3071 844 3120 ac
856 3045 953 3122 fonte
967 3045 1072 3125 scele-

91 3189 175 3241 ratae
201 3165 471 3263 conjurationis:
499 3165 619 3264 resque
653 3166 786 3240 omneis
809 3169 984 3266 complexi
1016 3170 1072 3245 su.

90 3314 183 3377 mus,
211 3314 296 3385 quas
309 3287 425 3361 aluisse
441 3285 594 3360 furorem
609 3287 727 3376 illum,
750 3314 790 3360 ac
808 3289 960 3385 primum
977 3290 1072 3364 exci-

91 3407 210 3488 taviffe
221 3406 471 3505 judicavimus.
520 3409 628 3480 Nunc
655 3406 849 3500 videndum
878 3409 927 3483 est
947 3412 992 3483 de
1020 3437 1072 3484 ra·
1088 3444 1095 3464 τ

90 3527 184 3623 tione
197 3526 397 3602 ambitionis
407 3527 583 3610 teterrima
599 3549 703 3626 atque
719 3528 900 3619 exitiabili,
916 3557 986 3630 qua
1009 3533 1070 3606 de·

89 3647 284 3756 flagraviffe
313 3667 479 3745 perpetuo
503 3648 689 3729 Catilinam
721 3649 883 3746 superiori
906 3650 1073 3728 divisione

89 3767 417 3864 demonstravimus.
471 3768 687 3866 Cupiditates
711 3769 877 3870 equidem
907 3770 1072 3868 plurimas
