2664 4692
345 551 1118 644 rNsnLnosTIUM

258 784 1204 926 DECLAMATIO

380 1197 614 1258 CICERONI
635 1197 776 1262 FALSO
804 1199 833 1258 T
839 1197 1084 1262 RIBUITUR

216 1419 341 1576 EA
376 1495 524 1570 demum
557 1523 687 1596 magna
719 1497 883 1594 voluptas
911 1496 975 1586 est,
1004 1491 1126 1592 Crispe
1153 1496 1224 1570 Sal

242 1616 337 1707 lusti,
366 1617 539 1714 aequalem
563 1644 602 1690 ac
621 1642 742 1715 parem
758 1617 874 1692 verbis
891 1617 1002 1690 vitam
1018 1641 1137 1715 agere,
1165 1639 1225 1690 ne,-

241 1763 313 1874 que
329 1735 525 1872 quidquam
544 1751 617 1812 tarn
634 1737 824 1834 obscenum
842 1737 988 1828 dicere,
1002 1736 1059 1810 cui
1091 1761 1165 1810 non
1180 1739 1226 1816 ab

126 1877 128 1882 ’
241 1857 342 1934 initio
360 1858 515 1956 pueritiae
533 1858 631 1936 omni
648 1885 774 1958 genere
791 1858 952 1932 facinoris
970 1877 1051 1931 aetas
1068 1877 1129 1930 tua
1158 1855 1224 1929 tes·

242 1981 409 2113 pondeqt,
434 1998 474 2052 ut
502 1979 617 2052 omnis
634 1979 744 2088 oratio
761 1979 914 2053 moribus
930 1978 1106 2053 consonet.
1144 1979 1225 2050 Ne

242 2125 313 2198 que
329 2100 437 2190 enirn,
464 2101 525 2197 qui
545 2101 593 2174 ita
609 2084 712 2192 vivit,
731 2099 783 2174 uti
799 2123 852 2190 tu,
882 2099 994 2191 aliter,
1021 2117 1143 2187 actu,
1173 2098 1225 2171 lo

137 2220 141 2229 ’
241 2246 304 2317 qur
295 2219 458 2316 potest:
495 2247 623 2318 neque,
643 2220 704 2318 qui
721 2241 795 2293 tam
812 2221 911 2296 illoto
928 2214 1085 2295 sermone
1103 2219 1225 2309 utitur,

242 2339 314 2412 vita
330 2339 504 2412 honestior
520 2341 580 2414 est.
631 2337 718 2438 Qro
737 2367 794 2414 me
811 2363 959 2433 vertam,
986 2343 1027 2416 P.
1045 2343 1105 2418 C?
1132 2343 1227 2415 unde

242 2457 382 2534 initium
399 2459 562 2534 sumam?
594 2459 704 2559 majus
733 2462 827 2535 enim
856 2461 943 2535 mihi
974 2461 1114 2536 dicendi
1137 2487 1228 2537 onus

200 2646 213 2678 Ι,
241 2580 447 2679 imponitur,
467 2607 540 2678 quo
558 2581 674 2656 notior
692 2581 741 2656 est
757 2603 902 2680 uterque
921 2584 1090 2656 nostrum
1117 2583 1228 2716 de

243 2705 267 2776 fi
285 2721 344 2776 aut
360 2703 405 2775 de
424 2728 502 2776 mea
520 2703 607 2794 vita,
643 2723 749 2801 atque
766 2704 913 2794 aeiibus,
950 2704 1032 2776 huic
1050 2701 1238 2777 convicia-

242 2822 309 2896 tori
340 2822 399 2896 res
393 2825 561 2922 pondero
596 2824 728 2898 invidia
780 2824 930 2924 gloriam
972 2824 1225 2922 consequetur.

242 2963 316 3052 aut,
353 2942 504 3043 srhujus
521 2944 622 3034 facia,
642 2971 770 3036 mores,
795 2971 940 3020 omnem
959 2966 1098 3020 aetatem
1115 2949 1226 3022 nuda·
1324 2951 1325 3008 i

243 3047 345 3151 vero,
377 3061 413 3136 in
432 3063 528 3138 idern
546 3065 673 3150 vitium
690 3065 842 3139 incidam
862 3051 1093 3164 procacitatis,
1129 3069 1226 3165 quod
1324 3087 1325 3142 3

223 3173 225 3186 ’
243 3183 325 3256 huic
343 3181 483 3281 objicio.
534 3187 576 3259 Id
594 3211 670 3278 vos,
692 3191 714 3261 st
732 3185 822 3260 sorte
839 3187 1075 3278 offendimini,
1100 3186 1226 3286 justius

242 3305 337 3394 huic,
357 3332 464 3403 quam
482 3305 583 3397 mihi,
602 3305 964 3399 succensereriebetis‚
997 3309 1058 3407 qui
1085 3301 1226 3383 initium

182 3467 184 3474 ·
219 3418 451 3508 introduxit.
503 3430 584 3526 Ego
602 3430 695 3501 dabo
712 3455 867 3526 operam,
887 3451 926 3502 ut
945 3435 976 3502 ἃ
997 3457 1062 3527 pro
1080 3455 1139 3503 me
1162 3431 1225 3502 mi·
1324 3513 1325 3516 Ἴ

242 3548 339 3621 nimo
358 3573 440 3622 cunr
458 3547 595 3621 fastidio
614 3534 855 3646 respondeam,
891 3555 924 3623 ἃ
955 3551 991 3622 in
1008 3553 1102 3624 hunc
1120 3551 1225 3624 mini·
1324 3535 1325 3606 Ῑ

242 3694 302 3756 me
320 3667 569 3743 mentitusesse
588 3669 718 3759 videar.
764 3671 847 3744 Scio
876 3697 947 3762 me,
965 3673 1006 3744 P.
1024 3674 1066 3746 C.
1094 3672 1132 3746 in
1160 3671 1226 3746 resq
1293 3760 1304 3772 ,

241 3789 432 3901 pondendo
465 3815 537 3866 non
565 3792 691 3875 habere
720 3817 888 3894 magnam
915 3790 1224 3892 exspestationern,
1324 3801 1325 3868 ζ
