2662 4686
329 327 721 443 'Juouarrrm
877 363 880 374 '
1019 375 1086 450 105

94 547 179 622 quae
209 521 373 596 seeundae
408 543 619 613 resumant,
649 521 788 596 lascivia
813 539 918 620 atque
935 520 1092 620 superbia

95 643 277 720 incessere.
325 645 393 736 lta,
413 643 509 741 quod
525 643 562 716 in
578 645 732 717 advotsrs
749 645 851 716 rebus
869 664 1089 742 optaverant,

97 765 233 855 otium,
259 763 448 862 postquam
480 765 599 863 adepti
637 763 729 856 sunt,
761 762 924 861 asperius,
958 767 1091 848 acerbi-
1197 783 1204 796 ·

96 885 211 984 usque
240 883 317 958 fuit.
379 887 547 983 Namque
576 911 718 983 coepere
744 885 906 960 nobilitas
935 886 1089 983 dignita·
1204 978 1206 990 Ι

97 1025 190 1098 tem,
226 1008 379 1104 populus
417 1005 614 1080 libertatem
638 1007 675 1090 in
700 1007 895 1082 lubidinem
929 1028 1086 1104 vertere:

99 1127 164 1202 fibi
188 1126 337 1227 quisque
366 1129 507 1220 ducere,
535 1129 682 1218 trahere,
708 1154 838 1224 rapere.
898 1131 951 1202 Ita
972 1129 1090 1202 omnia

98 1248 137 1322 in
163 1251 254 1322 duas
286 1247 393 1345 partis
423 1249 592 1321 abstradla
623 1247 711 1320 sunt.
763 1247 990 1346 Respublica,
1009 1277 1089 1347 quae

98 1370 222 1444 media
240 1367 366 1460 literar,
390 1369 587 1443 dilacerata.
637 1355 803 1442 Ceterum
829 1370 989 1444 nobilitas
1016 1371 1088 1446 fac-

100 1491 200 1565 tione
217 1491 331 1590 magis
350 1493 524 1588 pollebat:
562 1490 673 1587 plebis
692 1490 744 1564 vis
761 1490 870 1564 soluta
896 1514 1000 1590 atque
1021 1491 1104 1576 diss

102 1610 215 1710 persa,
243 1613 279 1685 in
304 1611 542 1703 multitudine,
575 1611 689 1686 minus
708 1631 864 1706 poterat:
895 1639 1088 1708 paucorum

99 1733 247 1807 arbitrio
272 1733 357 1807 belli
383 1732 552 1831 domique
574 1732 796 1830 agitabatur:
821 1757 925 1827 penes
950 1732 1089 1808 eosdem

100 1855 280 1946 aerarium,
310 1854 517 1952 provinciae,
545 1854 775 1951 magistratum
815 1851 935 1950 gloria
964 1853 1089 1926 trium.

100 1977 238 2074 phique
255 1995 374 2048 erant:
401 1977 554 2072 populus
567 1974 691 2046 militia
708 1995 814 2070 atque
826 1974 945 2072 inopia
961 1999 1088 2072 urgue-

99 2099 238 2183 batur;
275 2097 403 2192 praedas
441 2095 582 2168 bellicas
618 2095 839 2192 imperatores
863 2121 946 2168 cum
969 2097 1088 2192 paucis

97 2207 325 2315 diripiebant.
386 2218 523 2293 Interea
560 2237 731 2314 parentes,
767 2236 831 2289 aut.
854 2217 953 2315 parvi
987 2217 1088 2292 liberi

97 2337 275 2428 militum,
298 2336 503 2437 utquisque
525 2337 710 2436 potentiori
728 2338 875 2412 confinis
893 2358 979 2428 erat,
999 2329 1093 2412 sedi·¹
1199 2423 1203 2430 ¹

98 2461 168 2538 bus
193 2462 423 2558 pellebantur.
474 2459 527 2535 Ita
551 2484 635 2532 eum
660 2458 815 2557 potentia
833 2459 987 2550 avaritia,
1020 2465 1095 2534 sme.

99 2580 344 2679 modestiaque
375 2580 562 2667 invadere3
604 2581 826 2678 polluere&
852 2581 985 2654 vastare
1009 2609 1087 2653 om-

36 2769 42 2788 ,
100 2701 190 2788 nia3
223 2701 312 2776 nihil
335 2705 442 2800 penfi,
466 2727 580 2799 neque
602 2698 708 2772 sandi
733 2700 875 2790 habere,
898 2701 1016 2796 quoad
1037 2700 1087 2773 se-

102 2842 179 2897 met
205 2821 279 2920 ipsa
309 2821 551 2921 praecipitavit.
613 2823 710 2894 Nam
744 2820 806 2893 ubi
834 2821 988 2917 primum
1023 2822 1089 2920 [err

99 2943 306 3042 nobilitate]
338 2943 464 3040 reperti
501 2942 592 3032 sunt,
617 2941 679 3040 qui
707 2967 828 3015 veram
854 2941 1000 3039 gloriam
1033 2944 1086 3016 in-

101 3065 202 3152 iustae
233 3064 397 3162 potentiae
425 3083 699 3161 anteponerent;
732 3063 867 3136 moveri
890 3061 1023 3156 civitas,
1054 3073 1088 3140 ὅτ

103 3186 296 3285 permixtio
314 3185 440 3284 civilis,
470 3187 563 3288 quasr
586 3183 736 3262 disceffio
758 3205 871 3276 terra,
898 3185 979 3259 oriri
1010 3215 1084 3260 cte„

103 3308 165 3410 pit.
490 3289 492 3294 ι

152 3432 274 3505 XLII.
299 3433 402 3504 NAM
420 3428 605 3531 postquam
624 3429 786 3507 Tiberius
810 3433 843 3502 br
863 3431 905 3503 C.
918 3432 1086 3518 Graccus,

105 3575 256 3648 quorum
278 3548 423 3650 majores
439 3551 573 3624 Punico
591 3570 697 3647 atque
715 3549 787 3628 aliis
807 3551 905 3624 bellis
934 3550 1087 3622 multum

102 3671 311 3769 reipublicae
352 3671 570 3761 addiderant,
611 3669 788 3744 vindicare
815 3671 955 3766 plebem
983 3669 1020 3742 in
1044 3672 1086 3742 li-

101 3793 276 3882 bertatem
300 3796 334 3867 a
358 3818 550 3895 paucorum
571 3789 697 3865 scelera
718 3789 910 3890 patefacere
932 3777 1083 3892 crepere:
