2672 4682
399 357 402 366 ’
448 338 751 442 0111111111.
1048 307 1101 442 ’45

108 524 138 562 “
158 533 223 590 aut
241 540 352 615 grave
369 515 471 588 nimis
490 515 526 588 in
543 515 702 588 homines
718 515 807 588 tanti
825 512 982 588 facinoris
1015 543 1101 590 con-

108 646 140 681 “
161 639 307 711 victos?
336 636 395 709 Sin
425 636 507 734 quia
537 636 670 722 levius;
700 636 760 733 qui
790 635 956 709 convenit
977 636 1013 708 in
1034 637 1101 711 mi·
1146 707 1150 715 .

108 765 138 801 “
159 784 250 832 nore
279 755 438 856 negotio*
454 759 570 856 legem
597 757 736 847 timere,
762 783 845 829 cum
868 781 946 830 eam
968 757 1005 830 in
1026 785 1101 834 ma·

110 877 236 977 “jore
272 877 499 978 neglexeris?
541 883 592 951 At
625 871 726 951 enim'
751 877 828 975 quis
857 880 1101 976 reprehendet,

108 1009 136 1042 “
157 1001 262 1098 quod
292 999 330 1071 in
361 999 549 1095 parricidas
579 997 780 1098 reipublicae
803 999 985 1072 decretum
1009 1000 1100 1074 erit?

108 1126 137 1162 “
157 1141 320 1218 tempus,
357 1119 445 1208 dies,
479 1119 631 1209 fortuna,
663 1118 760 1218 cujus
792 1120 913 1193 lubido
939 1121 1102 1219 gentibus

109 1247 138 1286 “
158 1243 377 1314 moderatur.
427 1239 499 1313 Illis
516 1240 641 1314 merito
659 1239 798 1331 accidit,
828 1239 1001 1339 quidquid
1019 1266 1101 1313 eve-

110 1369 140 1405 “
162 1362 277 1434 nerit:
307 1381 463 1434 ceterum
492 1387 568 1450 vos,
592 1363 709 1434 Patres
735 1360 933 1459 conscripti,
955 1361 1041 1459 quid
1066 1358 1102 1436 in

112 1489 143 1526 “
165 1485 252 1556 alios
265 1483 436 1571 statuatis,
454 1484 674 1555 confiderate.
724 1482 854 1569 Omnia
873 1483 965 1556 mala
981 1509 1102 1556 exem·

113 1605 224 1701 “pla
256 1631 302 1677 ex
334 1603 436 1676 bonis
461 1623 537 1676 orta
559 1601 659 1676 sunt:
691 1602 749 1675 sed
765 1603 827 1676 ubi
843 1603 1029 1700 imperium
1056 1605 1099 1678 ad

113 1731 143 1766 “
164 1725 319 1822 ignaros,
359 1745 418 1797 aut
453 1724 567 1796 minus
599 1727 711 1797 bonos
745 1723 925 1822 pervenit3
965 1751 1101 1799 novum

113 1852 144 1892 “
166 1846 254 1919 illud
286 1845 530 1944 [exemplum]
553 1847 598 1918 ab
617 1845 741 1948 dignis
770 1849 804 1917 &
830 1828 969 1924 idoneis*
984 1847 1027 1918 ad
1048 1847 1101 1920 in-

114 1966 295 2065 “dignos
321 1972 354 2039 bc
388 1992 461 2038 non
478 1965 622 2038 idoneos
639 1965 847 2038 transfertur.
872 1968 1102 2040 Lacedaemo-

115 2095 145 2132 “
169 2088 233 2176 nii,
261 2086 401 2160 devictis
426 2086 712 2176 Atheniensrbm,
741 2085 887 2186 triginta
919 2087 1012 2162 viros
1033 2089 1101 2162 1111-

113 2213 145 2253 “
166 2205 323 2306 posuere,
364 2207 423 2306 qui
455 2206 711 2318 rempublicam
745 2233 867 2281 eorum
902 2213 1099 2284 tractarent.

115 2336 148 2376 “
166 2329 220 2406 Hi
242 2327 360 2427 primo
378 2355 519 2426 coepere
538 2331 735 2426 pessumum
754 2356 932 2429 quemque
957 2336 991 2406 &
1021 2359 1099 2405 om-

113 2433 145 2496 “
163 2452 268 2525 nibus
286 2449 436 2524 invisum
453 2449 696 2524 indemnatum
721 2461 855 2526 necare.
908 2454 961 2526 Ea
985 2479 1100 2552 popu-

114 2575 214 2646 “lus
240 2570 349 2645 laetari
380 2575 414 2644 δε
448 2570 571 2644 merito
605 2572 721 2645 dicore
744 2571 830 2646 sieri.
878 2573 996 2663 Post,
1036 2573 1100 2647 ubi

114 2693 349 2790 “paullatim
371 2691 507 2766 licentia
523 2692 643 2782 crevit,
663 2690 767 2790 juxta
790 2695 910 2765 bonos⁴
928 2697 962 2765 &
989 2694 1101 2764 malos

114 2811 356 2887 “lubidinose
375 2811 582 2904 interficere,
608 2833 739 2887 ceteros
764 2833 861 2886 metu
873 2833 1011 2884 terrere.
1049 2814 1102 2886 Ita

115 2941 145 2977 “
164 2935 301 3024 civitas,
325 2931 488 3011 servitute
502 2937 681 3037 oppressa,
698 2934 809 3007 stultae
834 2932 960 3006 laetitiae
985 2935 1100 3033 gravis
1163 2974 1168 2979 ·

114 3064 141 3099 “
161 3082 287 3154 poenas
316 3055 425 3128 dedit.
492 3056 621 3130 Nostra
654 3055 836 3148 memoria,
870 3053 983 3128 vidior
1005 3033 1102 3130 Sulla

112 3184 138 3220 “
158 3203 245 3251 cum
263 3179 520 3273 Damasippum
539 3182 572 3249 &
592 3175 676 3250 alios
694 3175 904 3276 hujusmodi,
931 3177 992 3275 qui
1006 3181 1100 3252 malo

112 3304 138 3346 “
158 3296 364 3394 reipublicae
389 3315 582 3388 creverant,
604 3295 761 3397 jugulari,
784 3297 893 3396 jussit,
924 3298 1001 3396 quis
1028 3324 1101 3370 non
1163 3349 1166 3356 ·

112 3425 138 3466 “
155 3416 293 3491 fastum
323 3416 395 3516 ejus
424 3420 614 3494 laudabat?
642 3420 802 3494 homines
829 3417 1001 3508 scelestOS‚
1028 3416 1099 3491 fac·
1172 3453 1175 3456 ·

113 3545 140 3581 “
160 3538 278 3630 tiosos,
317 3537 378 3636 qui
407 3536 633 3614 seditionibus
662 3527 917 3640 rempublicam
942 3539 1100 3637 exagita-

112 3667 144 3708 “
163 3679 299 3751 verant,
317 3659 440 3732 merito
459 3681 599 3734 necatos
615 3659 763 3759 ajebant.
789 3664 857 3737 Sed
871 3688 911 3735 ea
928 3685 980 3732 res
997 3687 1099 3761 mag·
1209 3725 1213 3732 .

67 3763 69 3770 ¹
110 3787 141 3836 “
154 3777 214 3862 ‘nae
230 3779 373 3860 initium
398 3782 504 3857 cladis
534 3781 611 3858 suit.
660 3785 769 3858 Nam¹
786 3783 837 3858 uti
865 3776 1013 3882 quisque
1034 3785 1098 3858 do·
1165 3785 1169 3795 “
