2672 4682
200 301 242 374 18
382 293 653 370 C.Cnrsi1
690 293 998 369 Suniusrrr

213 481 248 566 “,
261 471 433 572 nusquam
446 473 559 550 ullum
575 471 669 544 elle?
690 469 787 555 Cum,
801 471 947 563 tabulas,
960 475 1070 572 signe,
1082 489 1200 554 turen.

215 603 243 640 “
263 615 358 672 mate
391 614 538 678 emuntr
576 616 671 668 nova
707 589 868 683 diruunt,
897 593 965 668 alia
992 594 1199 684 aedificante

142 815 145 822 Ι
214 717 441 816 “postremo
470 712 637 788 omnibus
670 712 786 788 modis
818 713 1006 812 pecuniam
1038 719 1199 809 trahunt,
1251 775 1256 784 .

215 846 244 882 “
263 858 407 928 vexant,
436 855 553 910 tamen
574 832 713 909 summe
729 835 887 913 lubidine
903 835 1042 918 divitias
1058 840 1203 916 vincere

214 968 242 1004 “
261 975 449 1060 nequeunt.
501 960 552 1030 At
564 954 666 1030 nobis
678 955 778 1030 dorni
794 956 929 1055 inopie,
957 955 1039 1035 soris
1055 985 1101 1037 et
1116 959 1201 1036 alie-

215 1085 244 1128 “
262 1107 366 1162 rrum:
394 1078 487 1154 male
499 1103 566 1170 rer,
588 1077 664 1175 spes
675 1065 790 1154 multo
803 1079 965 1178 asperior.
1015 1079 1199 1178 Denique,

215 1208 243 1246 “
261 1201 347 1300 quid
359 1198 483 1297 reliqui
495 1199 679 1294 habemus,
706 1220 831 1298 praeter
844 1199 1194 1279 miseramanimemi

213 1331 240 1368 “
257 1322 356 1420 Qrin
372 1321 481 1422 igitur
496 1319 804 1420 expergiscimini?
835 1325 893 1400 En
904 1321 976 1413 illa,
995 1323 1068 1414 illa,
1088 1347 1199 1420 quam

212 1451 239 1487 “
257 1440 513 1542 saepeoptastis,
541 1442 697 1535 libertas,
725 1463 890 1542 praeteree
901 1444 1047 1535 divitie,
1074 1446 1198 1536 decus,

211 1570 239 1607 “
257 1563 370 1662 gloria
385 1563 421 1637 in
439 1562 550 1640 oculis
568 1568 627 1640 srta
643 1562 739 1640 sunt‘!
767 1565 905 1640 fortuna
917 1566 1037 1644 omnia
1054 1565 1199 1644 villeri·

211 1687 323 1758 “bus
352 1685 496 1782 praemia
526 1684 649 1784 posuit.
701 1691 788 1779 Res,
833 1708 985 1786 tempus,
1030 1687 1199 1786 pericula,

210 1814 239 1850 “
258 1807 400 1907 egestas,
443 1805 527 1890 belli
559 1805 667 1906 spolia
699 1809 887 1908 magnifica
920 1809 1048 1908 magis,
1090 1835 1203 1908 quarn

210 1935 239 1974 “
257 1927 379 2018 oratio,
410 1930 601 2004 hortentur.
651 1931 728 2004 Vel·
742 1930 970 2030 imperatore,
1006 1932 1065 2008 vel
1087 1930 1202 2008 milite

210 2058 238 2098 “
256 2075 314 2124 me
340 2047 492 2126 utimini.
542 2052 673 2148 Neque
699 2051 852 2143 animus,
887 2077 1004 2150 neque
1025 2063 1200 2149 corpure

209 2162 237 2219 “'
255 2170 354 2248 vobis
388 2169 509 2246 aberit.
560 2172 654 2246 Haec
683 2168 768 2268 ipsa,
794 2191 835 2244 ut
863 2169 974 2268 spero,
1016 2171 1201 2250 vobiscum
1326 2235 1327 2244 ,

210 2299 238 2347 “
256 2291 375 2366 consul
392 2317 521 2390 agam:
547 2290 608 2364 nisi
626 2289 716 2366 forre
731 2291 867 2376 animus
880 2291 980 2384 fallit,
1003 2297 1042 2376 δι
1053 2319 1117 2372 uus
1129 2292 1201 2368 ser·
1326 2271 1327 2311 ³

209 2421 237 2464 “
256 2412 345 2503 vire,
375 2403 484 2512 quani
499 2413 680 2511 imperare,
711 2413 819 2510 parati
835 2413 953 2490 estis.”

255 2537 360 2610 XXI.
377 2538 602 2622 Posnmu
625 2561 792 2633 accepere
808 2559 848 2612 ea
863 2535 1041 2627 homines,
1068 2535 1201 2635 quibus
1313 2562 1326 2634 χ

207 2650 300 2734 mala
312 2657 452 2738 abunde
464 2654 586 2732 omnia
597 2676 709 2746 erant,
731 2654 790 2730 sed
803 2679 918 2754 neque
928 2682 982 2732 res
995 2683 1110 2757 neque
1122 2655 1199 2755 spes
1325 2637 1326 2661 i

208 2761 302 2860 bona
319 2779 405 2872 ulla,
436 2798 554 2856 temen
571 2781 633 2855 etsr
655 2777 723 2852 illis
740 2777 858 2876 quieta
879 2803 1036 2871 movere,
1067 2805 1201 2878 magna

118 2987 121 2994 ¹
208 2925 339 2977 merces
364 2900 572 2988 videbatur3
600 2919 718 2976 tumen
743 2899 918 2998 postulare
946 2899 1119 2999 plerique,
1147 2901 1201 2974 uti

208 3043 434 3121 proponeret,
451 3049 530 3120 quae
543 3019 702 3096 conditio
714 3019 798 3104 belli
809 3019 924 3100 foret:
957 3048 1037 3120 qum
1050 3021 1198 3120 praemiu

212 3143 318 3220 ermis
347 3163 523 3241 peterent:
559 3141 647 3240 quid
669 3139 803 3238 ubique
820 3140 897 3240 opis
920 3162 979 3215 aut
996 3140 1068 3241 spei
1087 3143 1198 3219 habe-

208 3282 297 3338 rent.
347 3265 445 3347 Turn
463 3263 616 3344 Catilina
635 3262 792 3362 pol-liceri
809 3264 944 3346 tabulas
960 3289 1085 3352 novas,
1115 3287 1206 3360 pro*¹

153 3449 155 3454 ,
207 3382 431 3482 scriptionem
448 3382 694 3482 locupletium,
728 3383 963 3484 magistratus,
995 3381 1202 3474 sacerdotia,

207 3505 360 3602 rapinas,
387 3505 454 3584 alia
470 3505 603 3596 omnia,
632 3531 711 3604 quae
724 3487 858 3580 bellum
869 3525 975 3604 atque
987 3501 1111 3584 lubido
1122 3501 1198 3576 vic-

208 3641 327 3700 torum
343 3623 417 3703 fert.
468 3629 637 3705 Praeterea
648 3627 715 3700 esse
727 3625 764 3700 in
777 3625 952 3724 Hispania
963 3622 1121 3706 citeriore
1137 3623 1198 3708 Pi-

208 3744 342 3841 sonem,
377 3747 414 3834 iu
441 3747 662 3834 Mauretania
690 3773 772 3834 cum
801 3745 955 3831 exercitu
987 3747 1030 3828 P.
1057 3744 1198 3832 Sittium
