2690 4706
167 380 171 388 '
255 358 327 478 314
399 377 542 450 Poncrr
569 377 781 489 Lnrnours
807 375 1115 460 Dncnnnnmo

251 549 492 648 temptibilius.
552 526 643 648 Qae
666 577 749 626 cum
773 551 821 624 ita
839 555 916 642 fint,
943 549 1137 648 Cepionem
1166 551 1231 624 acl·

251 669 459 750 mirabimur
478 673 514 744 in
536 672 638 744 tantis
655 667 790 746 viarum
806 671 1013 770 ambagibus
1036 669 1228 744 ernaville?

249 791 317 866 Me
334 817 404 882 me,
432 817 538 889 quem
560 789 681 884 fateor,
708 794 863 888 Judices,
895 791 1114 888 vetustillima
1141 817 1230 888 qua·

186 1001 188 1006 ι
248 913 334 986 darn
361 911 590 986 familiaritate
616 913 776 986 Catilina:
799 911 1037 1011 conjunclum,
1077 913 1231 1010 persaepe

215 1061 219 1068 ·
248 1032 439 1106 deliraviffe
467 1034 562 1107 miris
587 1034 870 1132 perplexionibus
892 1033 997 1124 illius,
1024 1059 1139 1132 neque
1163 1045 1258 1107 un-¹

249 1177 358 1250 quam
377 1153 461 1227 certi
479 1153 671 1251 quicquam
696 1137 733 1227 in
758 1154 820 1227 illo
837 1132 980 1252 ingenio
997 1156 1230 1250 comprehen-

250 1274 334 1346 dere
351 1274 509 1370 potuilse.
558 1275 660 1348 Nihil
678 1275 786 1371 igitur
803 1274 864 1348 erit
881 1273 973 1363 miri,
999 1278 1023 1348 fi
1041 1278 1155 1348 virum
1172 1275 1228 1346 in-

247 1393 474 1492 tegerrimum
502 1395 698 1493 Cepionem
724 1395 938 1469 versutiffimi
964 1393 1116 1468 hominis
1139 1395 1230 1485 doli,

247 1532 353 1612 atque
376 1514 672 1590 inconstantiffimi
689 1543 803 1590 mores
818 1515 1026 1590 fefellerunt.

295 1636 469 1710 XXXIV.
494 1637 581 1711 Non
596 1638 658 1710 erit
672 1637 789 1737 itaque
802 1663 914 1735 neque
932 1636 1128 1734 prudentiae
1142 1657 1227 1728 tuae,

245 1780 361 1854 neque
392 1755 582 1855 gravitatis,
609 1761 788 1848 Hortensr,
815 1757 1091 1832 candidissrmam
1121 1785 1227 1856 opem

169 1867 172 1874 κ
213 1900 216 1913 ·
246 1877 469 1953 humanitatis
506 1899 588 1969 tuae,
626 1877 868 1976 summamque
905 1877 1047 1952 dicendi
1083 1877 1226 1976 copiam

245 1999 400 2073 sontibus
426 1996 505 2098 ipsu
535 1999 710 2097 polliceri:
738 2020 797 2073 aut
829 2024 936 2096 quam
954 1998 1100 2072 bestiam
1115 1997 1228 2072 irreti-

244 2139 319 2194 tam
329 2117 466 2218 judicio
481 2140 654 2210 tenemus,
673 2120 871 2200 dillolutam
886 2139 991 2217 atque
1007 2121 1225 2194 exultantem

245 2241 350 2338 Reip.
376 2241 575 2328 immittere.
625 2242 734 2338 Qiod
757 2255 793 2313 te
809 2265 992 2338 nunquam
1020 2240 1225 2314 commissu·

243 2386 323 2434 rum
350 2361 449 2434 fuiffe
474 2361 666 2452 arbitrarer,
694 2361 755 2434 nisr
779 2360 839 2459 qui
863 2387 921 2434 me
953 2385 1082 2451 mores,
1113 2361 1223 2435 iidem

243 2499 280 2552 te
296 2479 455 2562 Catilinae
474 2485 543 2554 fine
558 2482 669 2555 dubio
681 2479 888 2554 fefellerunt.
938 2480 1025 2554 Satis
1042 2481 1224 2555 ostentatas

244 2600 347 2676 vobis
382 2622 558 2699 putamus,
597 2603 754 2699 Judices3
790 2622 866 2676 turn
894 2601 1043 2676 rationes
1076 2601 1223 2699 periculi

239 2722 362 2814 nostri,
388 2743 466 2797 tum
479 2723 579 2823 hujus
595 2722 828 2797 immanillrmi
845 2721 975 2796 sceleris
990 2721 1220 2796 atrocitatem.

242 2846 339 2919 Nam
354 2847 378 2917 fi
395 2845 477 2919 odio
491 2847 634 2950 Senatus
656 2871 764 2944 quam
781 2843 941 2918 maximo
963 2842 1152 2928 Catilinam
1167 2869 1223 2918 ar-

244 2967 317 3038 fiffe
328 2965 663 3049 demonstravimus:
691 2969 714 3039 sr
732 2965 879 3039 rationes
892 2964 974 3038 vitae
991 2963 1059 3038 suae
1072 2984 1220 3056 vererer,

242 3109 284 3158 ac
301 3110 411 3158 novas
426 3085 462 3158 in
490 3086 738 3159 exercitatione
760 3084 1013 3159 teterrimarum
1035 3084 1223 3158 libidinum

241 3205 444 3278 collocatas:
472 3205 604 3304 fispem
623 3206 824 3304 perficiendi
837 3204 970 3280 sceleris
987 3205 1124 3280 homini
1141 3229 1223 3302 pro·

241 3325 497 3426 sequentiffimo
519 3326 805 3402 inimicitiarum:
834 3331 856 3400 s1
878 3327 1031 3426 denique
1059 3328 1222 3400 locorum

241 3475 282 3522 ac
303 3447 468 3546 temporis
495 3447 770 3546 oppormnitates
799 3447 970 3522 extiriffe:
1009 3449 1222 3545 praetereafi

206 3648 208 3654 ¹
241 3569 374 3642 rabiem
403 3570 579 3668 quandam
608 3568 809 3642 ambitionis
836 3569 873 3642 in
905 3569 967 3641 illo
999 3565 1100 3641 firiffe
1128 3565 1222 3640 dixi-

239 3715 340 3762 mus:
369 3693 391 3763 fi
421 3689 554 3764 nullam
584 3689 788 3786 potestatem
817 3687 1072 3764 referendarum
1103 3686 1220 3761 libidi-

189 3791 194 3796 ⁵
239 3835 339 3902 num,
365 3830 426 3884 aut
444 3813 557 3889 ullum
574 3808 787 3910 poenitentiae
805 3810 952 3886 locum:
981 3810 1170 3910 postremo,
1195 3812 1218 3882 fi
