2662 4686
395 331 737 427 Jusonrna.
1035 359 1099 437 tp

114 507 182 584 mis
197 503 369 582 Numidis
385 511 422 582 ¹&
440 507 578 606 oppido
595 507 753 607 undique
770 507 900 599 clauso,
922 507 1104 610 Turpilius

115 655 206 704 unus
235 653 280 702 ex
314 626 479 702 omnibus
514 627 643 704 Italicis
669 628 833 728 profugit
861 629 1035 704 intardus:
1066 633 1104 708 id

111 748 396 826 misericordiane
424 735 581 847 hospitis,
610 776 655 824 an
684 749 858 847 pastione,
883 776 929 822 an
952 749 1032 824 casu
1053 753 1103 831 ita

61 921 65 926 ·
115 870 285 961 evenerit,
312 895 439 967 parurn
468 869 703 969 comperimus
715 900 727 958 ;
766 871 842 961 nili,
873 870 956 968 quia
984 872 1037 946 illi
1065 873 1102 948 in

112 1013 213 1066 tanto
241 993 337 1067 malo
359 991 468 1089 turpis
495 990 567 1068 vita
588 989 694 1068 ‘fama
719 992 854 1090 integra
880 991 1009 1090 potior,
1034 993 1101 1070 irn-

113 1117 247 1212 probus
271 1109 540 1210 intestabilisque
564 1112 716 1186 videtur.

19 1225 23 1234 ¹
170 1237 344 1310 LXVIII.
380 1237 621 1324 Marsaeus,
641 1233 831 1332 postquam
848 1231 893 1308 de
910 1235 1012 1310 rebus
1029 1239 1100 1314 Va·

114 1383 169 1454 gae
188 1357 272 1432 attis
290 1355 474 1453 comperit,
509 1354 694 1454 paullisper
716 1356 861 1430 moestus
879 1382 898 1430 e
916 1356 1102 1454 conspedq
1222 1397 1224 1412 ·

111 1478 210 1554 abit:
239 1476 384 1568 deinde,
411 1476 473 1551 ubi
489 1476 540 1550 ira
559 1481 593 1550 &
610 1477 783 1575 aegritudo
801 1475 989 1580 permixta,
1016 1505 1100 1555 cum

113 1624 382 1675 maxumarum
394 1601 519 1696 ultum
542 1597 590 1672 ire
623 1596 760 1696 injurias
776 1596 924 1672 festinat.
965 1599 1098 1698 Legio·

110 1745 210 1811 nem,
233 1747 318 1794 cum
343 1747 414 1818 qua
437 1720 627 1810 hiemabat,
652 1723 700 1809 ἃ,
727 1744 835 1816 quarn
849 1718 1018 1814 plurimos
1032 1747 1097 1817 po·
1186 1811 1190 1818 ι

112 1841 194 1930 test,
211 1840 388 1914 Numidas
405 1840 539 1938 equites
557 1839 686 1939 pariter
702 1865 785 1914 curn
802 1836 926 1912 occasu
941 1837 1018 1912 solis
1036 1866 1097 1914 ex·

111 1960 252 2062 pedito's
277 1960 419 2039 educit:
453 1967 498 2036 dr·
518 1962 651 2059 postera
665 1962 724 2036 die
740 1961 875 2035 circiter
891 1935 1014 2034 horarii
1030 1979 1100 2033 rer·

110 2083 200 2156 tiam
219 2084 374 2180 pervenit
397 2084 435 2158 in
453 2083 646 2182 quamdam
661 2083 856 2188 planitiem,
875 2081 962 2156 locis
979 2083 1099 2180 paullo

110 2201 342 2301 superioribus
355 2205 644 2291 circumventam.
695 2204 750 2289 lbi
774 2203 902 2280 milites
921 2201 1023 2278 fellus
1041 2203 1097 2278 iti·

109 2324 203 2400 neris
228 2325 482 2424 magnitudine,
503 2325 623 2427 &jam
638 2325 822 2402 abnuentis
839 2326 959 2402 omnia
976 2327 1095 2415 docet,
1157 2419 1159 2429 Α

111 2445 333 2544 “oppidum
361 2450 499 2547 Vagam
526 2475 599 2522 non
627 2447 778 2547 amplius
807 2449 904 2527 mille
936 2450 1097 2546 palluum

102 2573 138 2646 ,“
155 2569 295 2642 abesse:
326 2569 450 2644 decere
483 2569 560 2646 illos
586 2570 762 2668 reliquum
804 2572 959 2645 laborem
992 2596 1097 2666 aequo

111 2687 279 2772 “animo
297 2689 386 2787 pati,
411 2691 500 2766 dum
517 2716 583 2790 pro
598 2690 734 2766 civibus
750 2688 829 2780 suis,
849 2688 929 2762 viris
945 2686 1097 2788 fortiffu7

63 2827 66 2832 '
113 2811 227 2888 “mis
251 2832 358 2910 atque
372 2810 595 2904 miserrumis,
615 2839 737 2911 poenas
751 2810 951 2909 caperent.”
1000 2811 1096 2882 Prae·

110 2949 202 3008 terea
219 2934 376 3030 predam
394 2933 545 3033 benigne
562 2933 720 3010 ostentat.
758 2932 813 3006 Sic
833 2930 958 3006 animis
970 2955 1096 3008 eorum

108 3054 264 3147 arrectis,
291 3051 425 3153 equites
447 3055 485 3128 in
507 3055 622 3153 primo
646 3058 729 3146 late,
754 3053 888 3154 pedites
911 3079 1019 3150 quarn
1041 3077 1095 3126 ar·

107 3174 247 3270 tillume
265 3176 327 3268 ire,
355 3181 451 3276 signa
465 3176 762 3276 occultatejubet.

97 3394 99 3403 Ι
154 3300 298 3372 LXIX.
324 3301 533 3372 vlumus
559 3296 622 3374 ubi
643 3297 801 3374 animum
828 3297 1023 3384 advortere,
1049 3293 1096 3365 ad

108 3416 140 3492 se
155 3418 300 3494 vorsum
317 3419 512 3494 exercitum
529 3445 699 3519 pergere:
724 3418 854 3518 primo,
872 3417 921 3492 uti
937 3437 1008 3490 erat
1025 3438 1093 3502 res,

93 3539 299 3617 'Metellum
321 3540 401 3632 rati,
432 3561 549 3639 portas
577 3539 749 3617 clausere:
776 3538 920 3628 deinde,
946 3535 1009 3610 ubi
1032 3558 1093 3606 ne·

107 3682 299 3758 quegagros
321 3661 462 3752 vastari,
487 3668 521 3736 ὅτ
539 3661 693 3760 eos,‚qui
711 3660 816 3758 primi
832 3659 989 3748 aderant,
1013 3655 1093 3728 Nu-

106 3777 217 3893 midas
251 3780 387 3878 equites
423 3781 569 3868 vident3
604 3771 738 3857 rursum
768 3779 981 3902 jugurtham
1003 3775 1093 3851 arbi-

428 3921 432 3928 .
542 3905 575 3976 K
607 3929 626 3972 2
848 3915 851 3921 r
