2668 4698
250 331 319 433 306
417 328 560 404 Poacrr
579 327 790 402 Lnrnonrs
819 325 1101 412 Dacnnnrnrtu

247 527 339 576 rum.
388 501 520 576 Verum
547 523 587 576 ca
613 497 672 576 fax
699 499 866 591 incendii,
899 497 1035 594 rursum
1062 498 1224 599 benigni-

248 640 319 696 tate
357 622 517 696 Deorum
551 619 818 712 immortalium,
859 618 1065 718 summaque
1095 620 1225 694 virtute

244 739 430 816 'consulum
454 740 613 816 restincta
628 741 686 816 est.
736 743 823 820 Non
852 739 1076 818 obdormiscit
1104 763 1224 816 tamen

247 861 411 952 Catilina,
439 861 491 936 bis
508 861 690 936 destitutus
706 881 836 940 eventu
853 859 1053 960 vigiliarum
1070 859 1223 950 suarum,

246 981 304 1056 sed
321 980 454 1056 rursum
469 980 567 1056 saevit
584 981 791 1057 immanior:
817 986 850 1058 δι
870 1007 977 1080 quam
1002 985 1134 1080 Remp.
1157 981 1224 1056 ser-

250 1102 335 1178 vitio
380 1129 451 1178 non
490 1121 651 1202 potuerat
694 1105 853 1194 obruere,
891 1102 1225 1201 destrangulaudam

249 1225 398 1324 penitus,
428 1249 469 1298 ac
498 1225 689 1298 tollendam
727 1222 905 1323 cogitavit.
966 1225 1155 1300 Sceleratus
1188 1221 1226 1294 in

248 1370 391 1420 omnem
407 1347 544 1436 urbem,
575 1370 681 1442 quam
708 1343 809 1420 toties
836 1343 963 1422 insidiis
979 1343 1222 1442 appetivisset:

249 1463 514 1538 sceleratissimus
544 1465 686 1542 veroin
714 1465 879 1564 patriam,
916 1462 1014 1564 cujus
1042 1483 1165 1542 extant
1189 1463 1224 1535 in

249 1583 348 1658 illum
365 1585 499 1660 summa
525 1589 559 1662 ar
589 1587 897 1662 commemoranda
912 1603 1141 1674 monumenta
1165 1585 1225 1658 be-

165 1803 168 1818 Ι
248 1705 468 1785 neficiorum.

297 1829 415 1902 XXV.
443 1828 680 1905 Reminiscere
697 1827 812 1928 quaeso
829 1827 990 1916 Catilina,
1009 1825 1224 1900 reminiscere
1317 1851 1318 1882 1

248 1945 378 2022 sermm
390 1946 476 2024 illud
487 1947 679 2041 scelestum,
687 1945 1130 2049 atqueillasnesariassaces,
1140 1971 1227 2042 quas
1317 1977 1318 1992 ¹

246 2065 319 2152 istis
336 2065 545 2146 sanetiffimis
564 2070 759 2166 penatibus,
789 2057 894 2169 atque
910 2069 964 2144 isti
983 2065 1225 2166 pulcherrima

140 2279 144 2288 ι
249 2188 367 2284 patriae
401 2189 582 2278 minitaris,
616 2216 687 2264 non
720 2191 765 2264 ad
793 2190 1070 2290 oppugnandam
1086 2189 1226 2276 urbem,

246 2333 363 2405 neque
396 2311 547 2384 adeam
576 2311 866 2402 concremandam
894 2309 957 2384 tibi
986 2310 1081 2384 datas
1110 2305 1225 2396 fuisse,

248 2427 315 2519 sed,
333 2428 446 2526 potius
464 2432 509 2503 ad
526 2429 667 2510 salutem
684 2429 829 2520 civium,
848 2428 1054 2529 dignitatem
1070 2425 1226 2524 imperii,

248 2548 481 2650 libertatisque
509 2550 631 2629 nostrae
653 2547 901 2626 defensionem.
951 2551 1017 2622 Per
1031 2549 1128 2622 Deos
1157 2545 1227 2619 im-

248 2674 411 2746 mortales
428 2691 540 2746 orote
556 2671 720 2762 Catilina,
739 2675 762 2744 sr
780 2661 889 2769 patria
905 2687 1023 2744 tecum
1047 2665 1100 2740 his
1128 2664 1227 2740 voci-

249 2792 315 2866 bus
330 2811 497 2884 uteretur,
524 2792 612 2891 quid
644 2794 727 2866 effes
753 2791 804 2866 illi
833 2788 947 2890 quaeso
975 2784 1226 2885 responsurus?
1318 2809 1319 2824 ¹

250 2912 331 3008 Ego
349 2933 383 2988 te
401 2916 585 3011 parvulum
603 2913 766 3005 Catilina,
780 2939 862 2987 cum
880 2908 1049 3009 inprimis
1062 2907 1227 2982 ornatiffi·

250 3054 311 3102 mo
327 3057 452 3128 genere
470 3034 582 3131 gentis
599 3031 691 3110 nasci
707 3032 892 3115 voluissem
906 3058 915 3106 t
940 3029 1068 3112 deinde
1083 3025 1229 3110 summis

250 3149 390 3230 dotibus
407 3143 623 3232 exornassem
638 3175 715 3228 tum
732 3151 899 3252 corporis,
918 3171 997 3228 tum
1013 3148 1136 3238 animi,
1161 3148 1225 3222 du-

249 3273 336 3348 abus
368 3294 445 3349 tum
475 3277 577 3349 rebus
605 3273 858 3351 instituendum
887 3269 1023 3369 putavi,
1055 3267 1162 3356 ferro,
1187 3289 1227 3337 ac

249 3397 406 3486 flamma,
418 3393 552 3494 ¹quibus
569 3397 648 3468 esset
665 3414 783 3492 parata
798 3392 862 3468 tibi
879 3389 1024 3466 facultas
1049 3409 1125 3470 tum
1151 3410 1227 3464 am·

246 3515 428 3613 ‘plificandi
443 3515 579 3615 imperii
596 3515 679 3606 mei,
707 3533 784 3596 tum
816 3511 1044 3588 defendenda
1072 3505 1227 3605 publica

148 3697 152 3709 .
250 3634 442 3716 libertatis:
467 3637 553 3736 quid
570 3642 648 3713 eam
665 3638 739 3710 vim
755 3659 933 3709 umorum
948 3632 986 3706 in
1002 3627 1132 3704 viscera
1142 3622 1226 3700 'nos-

251 3775 303 3844 tra
319 3761 486 3872 torques?
517 3776 577 3846 aut
595 3756 682 3870 qiud
699 3754 870 3844 convertis
899 3753 936 3832 in
963 3750 1110 3840 exitium
1138 3744 1227 3836 civi.-
