2662 4686
234 339 279 433 98
449 327 1044 405 C.Cn1s1³18nrrusrt1

56 543 61 552 1
177 515 264 566 1“
283 533 367 581 nora
383 503 480 604 ejus”
508 524 705 591 memorat;
734 511 760 547 “
775 502 902 577 scelera
926 501 963 576 in
993 519 1129 600 patrem
1153 501 1226 576 fra-
1322 533 1323 574 ς

236 637 264 674 “
283 628 441 728 tresque’'
470 627 647 702 ostendit:
680 625 808 724 quibus
834 622 1044 722 juvantibus
1078 624 1227 723 quibus·
1322 629 1323 640 ³

142 819 148 846 ,
236 757 350 849 “que
378 747 542 822 ministris
571 746 693 846 egerit,
724 771 942 845 quamquam
960 745 1132 845 intelligat
1155 772 1226 843 po-

234 878 262 914 “
276 872 383 969 pulus
420 873 630 956 Romanus3
673 888 792 942 tamen
822 868 914 942 velle
935 866 1118 941 manifesta
1145 893 1227 942 ma-

234 991 337 1092 “gis
363 1017 408 1064 ex
436 990 498 1074 illo
514 981 667 1064 habere':
698 993 821 1088 srvera
831 988 997 1086 aperiret,
1020 987 1057 1060 in
1086 988 1159 1062 fide
1188 993 1228 1062 a:

236 1101 470 1186 “clementia
500 1111 622 1210 populi
658 1108 815 1186 Romani
839 1136 1006 1210 magnam
1035 1108 1134 1207 spem
1172 1109 1230 1184 itti

237 1243 265 1278 “
286 1239 408 1308 fitam:
441 1238 489 1307 sm
507 1234 662 1324 reticeat,
691 1260 763 1306 non
796 1231 896 1306 sociis
912 1231 1009 1306 saluti
1025 1231 1126 1320 fore3
1156 1231 1230 1306 sese

236 1355 425 1454 “suasque
449 1352 524 1454 spes
551 1356 834 1453 corrupturum.'’
1322 1405 1323 1416 t

283 1479 460 1552 XXXIV.
486 1479 612 1567 Duru,
638 1476 700 1550 ubi
719 1474 916 1550 Memmius
940 1473 1086 1548 dicundi
1113 1475 1229 1548 finem
1322 1499 1323 1546 3

235 1597 332 1688 fecit,
369 1603 403 1671 ἃ
434 1599 611 1697 Jugurtha
628 1593 835 1696 respondere
861 1594 973 1694 juffus
990 1597 1053 1687 est,
1070 1595 1119 1670 'C.
1149 1599 1228 1670 Bae-

234 1720 312 1794 bius
347 1720 509 1793 tribunus
537 1719 663 1815 plebis,
694 1743 801 1816 quem
837 1717 986 1816 pecunia
1015 1737 1229 1815 corruptum

128 1829 131 1840 ’
234 1839 338 1940 supra
368 1841 540 1931 diximus,
573 1865 694 1938 regem
726 1859 838 1912 tacere
861 1837 994 1938 jubet:
1030 1865 1070 1912 ac
1104 1860 1230 1912 tamen
1322 1871 1323 1882 ¹

235 1969 294 2036 etfi
320 1962 525 2052 multitudo,
545 1988 623 2059 quae
641 1961 677 2033 in
694 1962 864 2035 concione
881 1963 1012 2053 aderat,
1031 1959 1229 2032 vehemen-
1322 2019 1323 2022 ,

233 2101 287 2154 ter
319 2079 472 2170 accensa,
498 2084 649 2153 terrebat
678 2108 761 2154 eum
791 2085 959 2173 clamore,
991 2081 1106 2172 voltu,
1133 2077 1232 2177 saepe
1322 2075 1323 2158 ?

234 2202 369 2298 impetu
388 2222 492 2299 atque
518 2200 605 2274 aliis*
620 2201 798 2290 omnibus,
826 2227 905 2298 quae
929 2201 979 2273 ira
1008 2202 1083 2275 fien'
1104 2221 1228 2276 amat:

219 2321 320 2416 ‘vicit
349 2341 468 2394 tamen
501 2320 733 2418 impudentia.
798 2323 850 2392 Ita
881 2322 1034 2418 populus
1069 2321 1231 2396 ludibrio

235 2441 374 2515 habitus
391 2467 436 2514 ex
453 2441 626 2516 concione
642 2440 809 2514 disccsfit:
838 2441 1022 2540 Jugurthae
1034 2441 1233 2541 Bestiaeque

183 2559 184 2562 '
235 2567 270 2636 &
304 2563 437 2654 ceteris,
480 2561 658 2661 quosilla
689 2561 832 2660 quaestio
861 2546 1075 2662 exagitabat,
1115 2563 1228 2637 animi

236 2671 436 2784 augescunt.
1049 2731 1051 2740 =

285 2809 443 2881 XXXV.
471 2809 531 2880 EA
561 2827 634 2896 erat
667 2807 872 2904 tempestate
900 2810 1030 2881 Romae
1063 2804 1228 2880 Numida

235 2927 399 3022 quidam,
428 2929 572 3002 nomine
599 2933 761 3018 Maffiva,
793 2926 947 3002 Guluffae
978 2927 1085 3018 filius,
1116 2927 1229 3000 Masr-

237 3045 331 3118 nissae
365 3073 509 3144 nepos:
551 3049 628 3146 qui,
660 3049 754 3147 quia,
791 3049 828 3122 in
856 3048 1060 3122 diffenfione
1082 3073 1227 3146 regum,

237 3166 423 3264 Jugurthae
452 3167 616 3241 advorsus
640 3159 779 3256 fuerat}
807 3170 927 3244 dedita
953 3170 1052 3244 Cirta
1082 3173 1116 3243 ὅτ
1147 3165 1228 3242 Ad-

236 3285 381 3360 herbale
408 3283 602 3377 interfecto,
639 3287 811 3388 profugus
854 3317 899 3364 ex
933 3289 1054 3366 Africa
1082 3289 1228 3364 abierat.

237 3409 338 3482 Huic
355 3409 413 3505 sp.
433 3407 598 3498 Albinus,
620 3409 681 3507 qui
699 3436 874 3507 proxumo
892 3439 986 3486 anno
1017 3413 1095 3510 post
1116 3408 1227 3484 Besti-
1262 3456 1265 3464 ·
1322 3435 1323 3438 ¹

238 3555 296 3602 am
315 3527 406 3603 'cum
425 3533 481 3628 Q
493 3527 659 3602 Minucio
690 3529 789 3606 Rufo
815 3533 1048 3608 Consulatum
1068 3533 1228 3631 gerebat,

239 3649 433 3747 persuadet,
460 3648 626 3747 quoniam
655 3675 700 3724 ex
729 3652 835 3751 stirpe
861 3653 1049 3728 Mafiniffae
1080 3656 1133 3742 fit,
1160 3655 1227 3747 Ju-

241 3771 404 3868 gurtham
433 3775 481 3846 ob
510 3767 633 3845 scelera
659 3771 789 3848 invidia
818 3800 901 3848 cum
928 3793 1026 3848 metu
1051 3790 1227 3872 urgueat;
