2672 4682
247 357 294 434 go
462 332 504 407 C.
533 331 720 406 Carsrr
758 333 1055 406 Snenosru

244 501 391 606 praemio
404 505 565 580 induelus
584 503 858 603 conjurationem
874 505 1098 604 patefecerat,
1115 529 1243 607 neque

244 653 290 702 ex
308 628 426 702 castris
449 627 606 701 Catilinae
625 624 811 725 quisquam
834 627 996 704 omnium
1021 626 1238 704 discesserat.

243 753 360 826 Tanta
397 749 455 825 vis⁴
481 747 610 840 morbi,
645 748 697 822 uti
738 750 849 842 tabes,
885 747 1068 848 plerosque
1095 749 1238 826 civium

242 873 379 948 animos
402 866 581 944 invaserat.

247 1041 251 1048 ›
274 991 484 1068 ‹XXXVIL
510 991 658 1076 Nuoun
675 987 789 1064 solum
812 989 880 1063 illis
903 990 1235 1086 alienamenserat,

243 1116 305 1216 qui
349 1109 475 1186 conscii
513 1109 784 1210 conjurationis;
824 1109 884 1186 sed
923 1113 1070 1188 omnino
1101 1117 1236 1190 cuneta

244 1238 363 1334 plebes
388 1259 559 1307 novarum
590 1257 705 1306 rerum
744 1230 858 1308 studio
892 1234 1053 1310 Catilina
1088 1235 1235 1334 incepta

243 1357 424 1456 probabat.
486 1355 527 1427 Id
557 1353 646 1426 adeo
672 1379 769 1426 more
796 1351 857 1426 suo
885 1354 1069 1430 videbatur
1100 1357 1233 1434 facere.

241 1479 339 1551 Nam
369 1471 506 1570 semper
535 1473 572 1546 in
590 1471 757 1564 civitate,
794 1473 871 1573 quis
896 1501 980 1573 opes
1002 1479 1107 1554 nulla
1132 1477 1230 1570 sunt,

241 1594 343 1670 bonis
370 1594 550 1699 invident,
584 1595 695 1668 malos
722 1595 924 1683 extollunt;
962 1617 1081 1672 vetera
1104 1601 1229 1692 odere,

240 1741 333 1792 nova
355 1736 523 1813 exoptant
535 1745 546 1802 ;
572 1715 656 1788 odio
680 1715 818 1790 suarum
842 1741 960 1790 return
989 1717 1117 1794 mutari
1148 1746 1233 1796 om*

240 1837 297 1910 nia
325 1837 491 1922 student3
526 1838 630 1910 turba
658 1857 764 1934 atque
793 1835 1017 1918 seditionibus
1047 1843 1116 1916 fine
1144 1867 1232 1916 cura

239 1963 403 2033 aluntur:
443 1956 612 2054 quoniam
646 1951 787 2057 ¹egestas
826 1957 926 2034 facile
963 1961 1110 2037 habetur
1155 1966 1231 2040 fine

238 2081 382 2153 damno.
445 2078 513 2150 Sed
529 2081 662 2152 urbana
679 2081 812 2176 plebes,
831 2107 871 2155 ea
889 2107 974 2156 vero
990 2071 1159 2180 praceps'
1175 2082 1229 2160 ie-

239 2221 290 2274 rat
307 2197 425 2272 multis
443 2199 488 2271 de
504 2201 634 2271 caussis.
684 2197 843 2272 Primum
861 2199 1042 2292 omnium,
1054 2203 1117 2300 qui
1144 2204 1229 2282 ubi.

239 2348 309 2421 que
327 2322 460 2419 probro
476 2339 581 2416 atque
600 2318 790 2416 petulantia
807 2345 976 2395 maxume
991 2323 1227 2418 prestabant,

239 2444 324 2521 item
341 2440 399 2514 alii
417 2467 480 2538 per
492 2442 666 2514 dedecora
683 2440 902 2538 patrimoniis
919 2440 1068 2530 animm
1094 2443 1228 2540 postte.

239 2587 300 2638 mo
328 2587 464 2653 omnes,
499 2587 588 2659 quos
610 2561 785 2664 flagitium
803 2583 862 2636 aut
878 2563 1012 2638 facinus
1028 2565 1137 2640 domo
1161 2592 1226 2648 ex·

147 2719 149 2728 ·
237 2684 386 2781 pulerat,
416 2682 441 2756 ii
468 2687 639 2774 Romam,
670 2683 767 2757 sicuti
788 2683 825 2758 in
853 2670 1036 2776 sentinam,
1061 2691 1224 2764 confluat.

237 2823 347 2890 erant.
397 2804 537 2878 Deinde
564 2804 667 2878 multi
692 2831 865 2880 memores
881 2807 1029 2884 Sullana
1049 2808 1222 2901 ristona,

202 2967 206 2977 ι
238 2909 336 3023 quod
358 2949 402 2998 ex
422 2925 586 3024 gregariis
616 2925 783 3000 militibus
811 2927 895 3002 alios
923 2930 1102 3006 Senatores
1121 2929 1224 3015 vide·

237 3049 336 3136 bant,
360 3046 445 3120 alios
463 3047 509 3120 ita
525 3046 662 3138 divites,
691 3039 743 3122 uti
764 3049 861 3148 regio
884 3049 982 3122 viclo
1003 3071 1107 3150 atque
1124 3053 1223 3132 cultu
1330 3063 1331 3130 ξ

237 3181 547 3266 aetatemagerent‚
572 3169 633 3242 fibi
662 3168 819 3267 quisque,
849 3174 871 3244 fi
899 3170 936 3244 in
962 3171 1066 3246 annis
1090 3171 1222 3262 forent,
1266 3207 1267 3212 ¹

235 3315 282 3376 ex
314 3289 459 3364 vieioria
486 3287 568 3362 talia
596 3289 792 3386 sperabant.
842 3292 1013 3370 Prae'terea
1039 3291 1249 3396 juventus,
1330 3277 1331 3338 3

237 3440 315 3509 quae
333 3411 370 3484 in
386 3397 492 3506 agne,
520 3436 691 3484 manuum
708 3414 881 3502 mercede,
908 3412 1063 3510 inopiam
1093 3415 1222 3492 tolera*

231 3553 348 3624 verat,
371 3531 511 3634 privatis
529 3551 634 3630 atque
652 3533 802 3630 publicis
829 3535 1071 3634 largitionibus
1091 3533 1221 3626 excita,
1330 3537 1331 3628 ζ

235 3658 409 3728 urbanum
436 3653 548 3726 otium
574 3653 713 3752 ingrato
730 3656 843 3734 labori
861 3657 1092 3754 praetulerant.
1146 3659 1220 3733 Eos

234 3793 340 3874 atque
357 3775 440 3852 alios
463 3799 587 3856 ornnes
612 3777 747 3856 malum
772 3777 958 3877 publicum
981 3777 1107 3854 alebat.
1134 3779 1220 3884 Qto
1330 3805 1331 3890 J
