2662 4686
376 335 741 443 Jnounrnm'
854 405 857 412 .
1018 364 1084 446 ιφ

99 519 210 600 midae
223 525 457 598 traderentur.
509 525 621 598 Hunc
643 522 777 598 Marius
802 510 947 621 anxium
963 525 1085 622 adgre-

98 647 197 720 ditur
215 664 323 742 atque
340 646 508 737 hortatur,
525 644 577 718 uti
590 643 881 719 contumeliarum
898 643 1084 740 imperato·

96 767 151 842 ris
174 744 257 839 cum
274 764 335 837 suo
358 765 490 840 auxilio
509 793 631 864 poenas
658 787 765 864 petat.
816 763 1015 839 Hominem
1037 767 1085 840 ob

103 889 248 961 morbos
267 885 387 959 animo
404 911 528 984 patum
545 887 663 960 valido
684 885 834 960 secunda
850 885 1006 958 oratione
1023 911 1099 958 ex·-

100 1007 192 1082 tollit
209 1037 218 1080 :
235 1015 276 1080 .“
292 1006 395 1080 illum
421 1031 556 1105 regem,
585 1007 763 1109 ingentem
781 1005 909 1098 vitum,
929 1003 1093 1084 Masinis·.

100 1137 128 1172 “
145 1129 192 1203 sae
211 1147 377 1240 nepotem
396 1131 487 1202 elle:
515 1133 538 1202 si
564 1130 741 1227 Jugurtha
755 1149 890 1228 captus,
912 1147 971 1202 aut
991 1128 1083 1201 occi·

100 1257 128 1294 “
147 1250 218 1342 sua,
246 1241 434 1347 illrperium
460 1249 641 1337 Numidiae
659 1254 727 1324 fine
744 1269 842 1324 mora
857 1245 1056 1326 habiturum
1074 1275 1083 1323 t

102 1379 132 1416 “
152 1372 198 1446 id
209 1342 298 1472 addo
317 1392 451 1444 mature
469 1373 561 1469 polle
586 1371 737 1462 evenire,
758 1370 880 1470 ‘sripse
903 1371 1021 1446 consul
1040 1370 1086 1446 ad

103 1489 350 1566 “‘id‘bellum
375 1493 494 1564 miffits
523 1490 648 1565 foret.''
707 1491 830 1591 ltaque
853 1497 886 1566 δι
908 1493 1022 1583 illum,
1051 1497 1086 1566 &

103 1614 239 1712 equites
268 1618 468 1714 Romanos,
500 1612 625 1685 milites
667 1617 700 1686 δι
739 1612 972 1710 negotiatores
999 1613 1086 1688 alios

100 1733 188 1832 ipse,
217 1733 400 1833 plerosque
416 1729 490 1833 spes
507 1734 602 1833 pacis
619 1733 778 1833 impellit,
794 1734 846 1808 uti
865 1739 1020 1808 Romam
1041 1739 1087 1810 ad

96 1854 181 1930 suos
208 1856 411 1930 necell'arios
427 1855 543 1954 aspere
565 1856 602 1928 in
627 1857 816 1930 Metellum
833 1856 880 1929 de
896 1856 989 1929 bello
1005 1850 1086 1928 scri·

102 1980 204 2068 bant,
235 1976 394 2052 Marium
417 1977 664 2076 imperatorem
689 1975 842 2076 poscant.
904 1975 960 2050 Sic
988 1976 1038 2050 illi
1066 2003 1087 2050 a

8 2131 9 2134 ¹
101 2098 227 2172 multis
244 2098 442 2173 mortalibus
466 2097 713 2172 honestiffuma
732 2093 976 2199 suffragatione
1002 2117 1086 2173 con'·

102 2218 237 2292 sulatus
266 2221 457 2316 petebatur.
508 2218 620 2293 Simul
649 2245 690 2294 ea
718 2221 922 2318 tempestate
951 2222 1084 2317 plebes,

103 2338 288 2414 nobilitate
316 2339 389 2413 fusa
407 2365 469 2439 per
501 2342 618 2440 legem
648 2341 864 2434 Mamiliam,
893 2367 1005 2417 novos
1023 2359 1085 2417 em

104 2462 262 2534 tollebat.
313 2465 366 2536 Ita
383 2462 502 2538 Mario
521 2461 645 2564 cuncta
664 2465 862 2562 procedere.
877 2461 880 2468 ’

150 2585 291 2656 LXVI.
317 2585 495 2659 Inrnnru
527 2585 705 2686 Jugurtha
737 2587 934 2684 postquam,
965 2589 1089 2662 omiffa

101 2703 296 2796 deditione,
316 2705 451 2780 bellum
468 2705 614 2805 incipit,
625 2733 710 2812 cum
726 2731 856 2806 magna
869 2733 953 2781 cura
970 2711 1089 2805 palare

104 2825 238 2916 omnia,
276 2824 459 2918 festinare,
500 2827 625 2928 cogere
658 2827 876 2902 exercitum:
913 2827 1086 2919 civitates,

103 2971 184 3045 quae
215 2950 262 3021 ab
285 2946 557 3040 se-defecerant,
583 2949 785 3041 formidine,
804 2969 864 3024 aut
881 2949 1088 3023 ostentando

104 3068 251 3166 praemia
278 3067 473 3144 adfectare:
506 3071 727 3147 communire
742 3068 819 3146 suos
838 3073 948 3164 locos,
978 3097 1087 3164 arma,

102 3190 184 3279 tela,
222 3189 299 3283 alia,
336 3217 416 3288 quae
441 3190 500 3290 spe
529 3192 622 3291 pacis
649 3191 821 3285 amiserat,
845 3195 999 3286 reficere,
1029 3192 1088 3267 aut
1117 3234 1122 3290 2

106 3311 357 3385 commercari:
403 3312 538 3387 servitia
569 3317 817 3389 Romanorum
851 3315 1014 3405 adlicere,
1054 3317 1088 3387 δι

105 3454 161 3502 cos
176 3429 283 3528 ipsos,
309 3432 370 3530 qui
398 3433 434 3506 in
453 3435 614 3531 praestdiis
632 3458 741 3526 erant,
762 3437 909 3533 pecunia
925 3456 1056 3508 tentare
1077 3461 1086 3506 ι

105 3551 242 3646 prorsus
259 3553 346 3626 nihil
364 3554 548 3647 intactum,
567 3583 682 3654 neque
700 3557 857 3654 quietum
874 3556 964 3654 pati:
981 3577 1087 3627 cunc·

102 3689 139 3741 ta
156 3672 299 3770 agitare.
350 3674 464 3773 Igitur
480 3677 668 3775 Vagenses
694 3705 766 3775 quo
790 3676 958 3754 Metellus
975 3674 1088 3764 initio,

106 3792 283 3890 Jugurtha
301 3795 520 3892 pacificante,
548 3799 746 3895 presidium
764 3795 988 3894 imposuerat,
1012 3794 1089 3868 fati-

586 3923 618 3991 K
