2664 4692
226 325 298 378 aaa
469 299 777 372 Sannnsnn
813 295 966 371 Htsn.

230 567 383 618 onntto
413 539 457 618 C.
485 539 674 614 CO'ITAE
697 564 889 614 consutis
915 562 971 614 nn
998 560 1218 616 eoeneum:

274 709 444 807 Qirites‚
473 708 586 782 multa
602 706 704 804 (mihi
729 703 882 804 pericula
898 705 1014 808 domi,
1050 706 1217 796 militia

226 832 338 908 multa
370 826 515 904 advorsa
531 826 654 902 fuere‘:
681 853 833 926 quorum
850 827 919 900 alia
933 827 1095 920 toleravi,
1129 853 1217 926 par·

224 951 290 1026 tim
317 951 428 1049 repuli
460 950 611 1024 deorum
635 934 791 1040 auxiliis,
824 947 1012 1024 &virtute
1040 974 1144 1024 mea:
1168 951 1218 1028 'in

226 1073 304 1172 quis
320 1072 500 1164 omnibus,
519 1098 637 1170 neque
652 1071 790 1146 animus
806 1071 953 1170 negotio
969 1067 1110 1144 defuit:
1147 1095 1216 1146 ne-

226 1221 296 1294 que
310 1193 456 1268 decretis
474 1195 582 1268 labos.
633 1193 758 1283 Malae,
776 1183 1007 1291 secundaeqtie
1022 1216 1090 1282 res,
1109 1217 1215 1290 opes,

224 1341 298 1390 non
316 1315 515 1414 ingenium,
545 1313 633 1390 mihi
649 1317 845 1390 mutabant„
896 1321 948 1388 At
964 1333 1086 1388 contra
1102 1313 1140 1388 in
1157 1314 1217 1388 his

223 1434 366 1512 miseriis
382 1440 507 1512 cuneta
532 1463 590 1511 me
621 1462 707 1512 cum
722 1435 860 1510 fortuna
876 1434 1064 1510 deseruere.
1115 1437 1212 1510 Prae-

225 1576 319 1632 terea
334 1555 489 1634 senectus
506 1584 567 1656 per
590 1554 623 1632 se
653 1557 784 1658 gravis,
803 1583 924 1632 euram
940 1558 1126 1655 duplicat:
1153 1559 1216 1634 cui

224 1678 364 1772 misero,
382 1683 460 1754 aeta
467 1678 544 1780 jam
560 1699 677 1771 etate,
695 1705 741 1752 ne
756 1700 908 1754 mortem
928 1679 1075 1778 quidem
1087 1679 1217 1754 hones·
1330 1767 1331 1782 χ

225 1823 300 1879 tam
317 1803 451 1902 sperare
468 1801 561 1876 licet.
611 1803 723 1892 Nam,
753 1806 777 1876 fi
807 1797 980 1899 parricida
1006 1800 1111 1876 vestri
1135 1800 1216 1876 sunt
1330 1785 1331 1880 i

226 1930 261 2000 δι
280 1925 333 2000 bis
350 1923 488 2023 genitus
504 1922 562 1998 hic
579 1924 664 1997 deos
679 1921 818 1996 Penatis
835 1949 948 2013 meos,
975 1922 1214 2022 patriamque,
1330 1911 1331 1938 ³

226 2051 261 2122 ec
291 2045 470 2120 summum
497 2044 688 2142 imperium
723 2044 807 2120 vilia
833 2046 975 2118 habeo:
1008 2043 1087 2142 quis
1123 2045 1217 2120 mihi

225 2165 310 2240 vivo
328 2165 497 2240 cruciatus
513 2164 590 2238 satis
608 2165 670 2254 est,
701 2185 761 2244 aut
788 2191 869 2262 quae
900 2191 1008 2262 poena
1037 2171 1215 2241 mortuo?

151 2363 154 2366 ,
227 2313 311 2366 cum
326 2286 446 2360 omnia
463 2306 655 2360 memorata
669 2287 765 2384 apud
783 2283 914 2360 inferos
942 2284 1111 2385 supplicia
1142 2287 1215 2362 sce·

225 2410 297 2482 lere
313 2433 395 2481 meo
412 2405 492 2480 vici.
535 2411 570 2481 A
587 2407 700 2506 prima
716 2406 948 2482 adolescentia
964 2408 1002 2480 in
1019 2434 1079 2482 ore
1095 2409 1216 2484 vestro
1330 2491 1331 2502 χ

227 2529 397 2628 privatus,
416 2528 504 2618 &jn
520 2528 777 2628 magistratibus
793 2529 877 2628 egi:
905 2531 967 2628 qui
983 2529 1119 2628 lingua,
1150 2531 1215 2629 quj

108 2752 110 2758 Α
226 2651 368 2726 confilio
386 2677 482 2743 meo,
497 2651 559 2750 qui
577 2651 725 2748 pecunia
740 2653 899 2743 voluere,
912 2655 961 2725 ufi
978 2651 1076 2726 sunt:
1096 2677 1215 2752 neque

226 2799 295 2874 ego
333 2774 497 2848 callidam
534 2770 751 2864 facundiam,
796 2797 912 2872 neque
948 2771 1133 2872 ingenium
1167 2775 1214 2849 ad
1330 2819 1331 2826 κ

116 2943 121 2956 ‚
226 2895 537 2984 malefaciundum,
551 2894 710 2968 exercui:
730 2894 958 2994 avidiffutnus
974 2895 1118 2994 privata
1133 2921 1213 2996 gna-

225 3016 282 3090 tiae
310 3011 500 3090 maxumas
527 3015 722 3090 inimicitias
751 3043 817 3114 pro
846 3015 1027 3115 republica
1044 3017 1210 3118 ¹suscepi:

133 3196 137 3208 .
228 3134 292 3235 qui
308 3133 422 3208 vietus
439 3160 523 3209 cum
539 3135 600 3208 illa
617 3139 732 3228 simul,
750 3165 834 3212 cum
849 3164 956 3238 egens
972 3138 1098 3212 alienae·
1120 3139 1213 3237 opis,

228 3257 328 3356 plura
364 3255 458 3330 mala
498 3255 756 3354 exspeetarem3
791 3285 870 3351 vos,
897 3259 1065 3358 Qnirites‚
1100 3259 1215 3334 mrsus

228 3378 316 3453 milti
333 3373 496 3476 patriam,
510 3379 599 3452 deos*
619 3378 771 3472 Penatis,
789 3407 873 3462 cum
888 3379 1024 3480 ingenti
1040 3380 1215 3480 dignitate
1330 3393 1331 3396 ’

227 3500 379 3576 dedistis.
405 3501 474 3572 Pro
500 3499 630 3599 quibus
647 3501 826 3576 beneficiis
843 3502 905 3576 vix
923 3502 1013 3592 satisv
1021 3523 1142 3602 gratus
1160 3501 1215 3576 vi-

228 3623 326 3714 den,
345 3625 369 3696 fi
386 3621 528 3720 singulis
549 3621 720 3714 animam,
739 3649 846 3724 quam
864 3650 1018 3724 neque0,
1036 3626 1213 3699 conceffe-
1330 3669 1331 3682 ÷

230 3742 309 3818 rint.
334 3744 431 3818 Nam
449 3743 573 3840 vita&
593 3771 688 3820 mors
705 3742 1048 3845 juranamraefsunt:
1074 3746 1127 3820 uti
1144 3749 1212 3821 fine
