2668 4698
103 347 108 356 ’
144 343 314 418 Conana
331 342 501 416 Lucrum
519 342 701 416 Sermoni
717 341 976 420 Cartiman.
1013 370 1058 447 29
1062 371 1084 448 5

103 519 298 610 vissent-,sr
331 515 520 594 nocturnus
546 517 607 593 iste
635 519 838 616 imperator,
868 523 961 616 quast
983 521 1083 619 quas·

104 641 192 714 dam
208 639 431 738 rapidissimas
449 641 580 714 belluas
597 639 633 712 in
650 638 759 714 Urbis
789 659 928 738 penates
952 639 1083 715 immit-

106 779 182 834 tere
199 761 387 858 potuisset?
414 763 552 836 Horret
568 760 718 850 animus,
741 758 893 858 judices,
923 785 963 834 ea
986 762 1084 859 cogiae
1134 833 1139 840 .

105 879 238 954 tatione
266 880 470 978 complecli,
507 906 586 978 quae
619 878 733 954 miseri
764 881 1029 978 pertulissemus,
1061 883 1087 958 sr

106 998 213 1098 sopor
228 1002 348 1076 oculos
366 997 559 1074 consulares
576 1001 783 1074 detinuisset
826 1001 1088 1102 Restinguenda

105 1121 156 1201 est
180 1121 298 1220 itaque
328 1123 472 1195 flamma
489 1121 590 1196 nobis
608 1119 766 1196 scelerata
790 1125 830 1194 'bt
860 1143 974 1212 atrox,
998 1123 1087 1196 dum

108 1241 224 1316 adbuc
252 1243 363 1316 velata
385 1233 563 1316 cineribus'
573 1267 619 1342 ac
649 1241 771 1339 sopita,
798 1241 942 1318 facultas
967 1243 1087 1316 restin·
1190 1298 1198 1307 .

108 1363 243 1463 guendi
270 1361 437 1435 levissime
462 1363 542 1438 data
557 1363 631 1436 est:
661 1388 706 1436 ne
731 1386 813 1436 cum
840 1363 958 1436 omnia
990 1389 1086 1438 com-

109 1483 328 1582 prehenderit
359 1483 475 1579 (quod
504 1482 716 1556 immortales
742 1483 803 1556 Dii
828 1484 964 1581 penitus
989 1511 1088 1559 aver·

108 1607 204 1700 tant)
235 1629 298 1678 nos
324 1603 445 1678 frustra
470 1603 695 1701 postmodum
712 1595 953 1694 furibundam,
983 1625 1090 1703 atque

10 1797 13 1806 .
109 1729 327 1802 exultantem
344 1723 556 1822 restinguere
572 1724 765 1822 cupiamus.
815 1725 944 1821 Neque
977 1729 1088 1799 recto·

109 1872 185 1922 rem
214 1845 311 1920 navis
338 1844 556 1920 audiendum
586 1843 720 1942 prorsus
749 1844 907 1918 exerimo
945 1844 982 1917 in
1016 1844 1090 1943 ipso

109 1993 263 2044 moerore
278 1959 485 2040 calamitosae
503 1965 726 2063 tempestatis,
758 1991 866 2064 quam
893 1965 944 2038 illi
970 1960 1091 2064 fugere

109 2087 277 2162 facillime
305 2087 464 2178 licuisset,
491 2081 755 2186 consurgentem
787 2085 913 2184 primu,
942 2086 1088 2184 sibique,

109 2235 154 2282 ac
171 2209 272 2292 rebus
287 2206 352 2280 suis
368 2203 588 2304 naufragium
603 2207 846 2282 minitantem:
877 2207 1091 2305 neque'item
1180 2241 1183 2260 ι

111 2331 382 2429 gubernatorem
398 2327 493 2402 urbis
512 2327 548 2401 in
566 2324 638 2425 ipso
654 2327 808 2419 excidio,
839 2332 872 2400 δι
886 2325 1092 2401 calamitate

47 2487 49 2492 ·
109 2447 277 2539 civitatis,
304 2473 414 2547 quam
443 2449 705 2545 impendentem
733 2448 828 2545 prius
854 2447 924 2546 ipse
951 2447 1092 2522 consilio

98 2571 187 2661 suo,
210 2568 341 2668 suaque
366 2568 549 2666 prudentia
564 2559 723 2642 sustinere
740 2570 1019 2666 quodammodo,
1050 2591 1092 2639 ac

112 2681 312 2790 propulsare
329 2689 501 2788 potuisset.
551 2690 639 2763 Serae
655 2687 733 2762 sunt
749 2685 935 2761 hominum
958 2688 1092 2760 lamen-

111 2813 273 2902 tationes,
306 2805 505 2910 prorsusque
524 2807 778 2907 vituperandae,
805 2832 891 2906 quas
908 2825 1093 2903 occupatas

112 2933 150 3007 in
166 2933 220 3008 his
237 2931 400 3032 lugendis
417 2931 603 3023 cernimus,
631 2957 709 3028 quae
733 2928 821 3002 vitio
847 2925 922 3020 suo,
949 2925 1096 3014 desidiae
1175 2917 1179 2925 ¹

114 3065 186 3154 que
211 3053 448 3151 contigerunt.

163 3176 266 3248 XIII.
292 3171 509 3246 Callicratidi
530 3153 884 3247 lacedemoniorum
905 3171 989 3246 duci
1013 3195 1094 3246 cum
1147 3227 1152 3238 .

113 3290 378 3383 ornatissimam,
397 3293 455 3367 c'ui
472 3279 638 3395 praeerat,
659 3293 799 3368 classem
828 3292 985 3398 funditus
1008 3292 1094 3364 ami-

115 3415 204 3494 sisset
239 3434 379 3513 propter
409 3414 676 3488 immoderatam
711 3413 830 3512 gloriae
855 3395 1094 3510 cupiditatem,

115 3536 205 3610 nihil
223 3536 268 3610 ad
283 3557 361 3610 eam
378 3534 623 3609 restituendam
650 3529 845 3608 noviffima'
860 3531 989 3606 consilii
1010 3509 1096 3604 ratio

114 3655 302 3756 suffragata
318 3656 368 3730 est
382 3659 394 3730 ἒ
422 3681 529 3761 quam
546 3655 594 3729 ita
610 3647 740 3729 ferrare
756 3673 903 3752 poterat,
929 3658 952 3726 sr
986 3655 1096 3728 modo

117 3775 154 3850 in
170 3775 317 3858 statione
335 3776 579 3878 continuisset„
615 3773 783 3850 Terentio
801 3773 946 3849 Varroni
970 3771 1096 3872 sempi-

629 3895 709 3987 U4
