2668 4698
132 339 302 412 Cournn
314 336 490 412 Lucrum
507 337 688 411 Sanctum
706 335 959 413 Carrtrunu.
1011 362 1080 438 297

102 535 172 585 nec
199 511 276 585 illos
304 511 396 585 cives
422 515 488 606 esse
510 511 772 610 judicaverunt,
804 535 892 609 quos
924 511 1082 609 abjecill'e
1169 527 1170 530 ’

102 630 275 706 rationem
293 631 410 728 patria
437 633 587 710 caritatis
613 633 845 706 intuerentur:
890 637 940 704 At
962 654 1083 718 contra

104 777 178 844 eos,
199 751 261 849 qui
277 753 359 825 tales
377 751 637 843 interemissent,
672 779 745 840 non
776 752 885 824 modo
912 749 998 840 dici,
1031 773 1082 824 at-

104 897 175 969 que
192 871 360 969 appellari
378 872 486 962 cives,
505 891 543 945 ut
561 875 680 960 essent,
698 873 906 960 statuebant,
934 871 992 944 sed
1009 873 1082 944 affi-

105 993 248 1066 ciendos
271 991 345 1066 sore
383 985 636 1067 immortalibus
665 991 780 1082 donia,
805 1017 845 1064 ac
869 972 1084 1089 sempiterna

104 1110 306 1186 hominumx
322 1113 499 1186 memoriae
532 1112 794 1186 consecrandos.
860 1112 958 1208 Qud
986 1113 1083 1187 enim

105 1233 219 1329 potest
237 1233 414 1331 indignius
430 1233 514 1324 dici,
535 1259 644 1331 quam
665 1233 773 1306 vitam
790 1259 810 1304 a
827 1233 933 1330 patria
950 1233 1083 1332 suscep·
1178 1259 1185 1266 ·

103 1373 190 1442 tam,
208 1354 254 1426 ad
270 1353 362 1426 illius
378 1353 566 1450 perniciem
584 1353 887 1449 calamitatemque
904 1351 1080 1428 conferre?

102 1471 191 1570 quid
232 1472 322 1571 fingi
359 1471 564 1564 sceleratius,
600 1500 707 1571 quam
737 1498 858 1546 eorum
885 1498 1008 1569 poenas
1040 1501 1081 1550 ac

103 1593 371 1666 crudelissimam
395 1593 595 1668 servitutem
621 1594 833 1692 excogitare,
859 1619 946 1690 quos
963 1594 1083 1670 iisdem

104 1712 283 1786 moenibus
312 1737 352 1786 ac
383 1713 479 1786 terris
498 1713 715 1804 constitutos,
742 1714 876 1787 eaedem
895 1716 1003 1812 leges,
1029 1736 1082 1788 at-

104 1856 175 1932 que
191 1834 315 1908 eadem
333 1833 475 1908 vivendi
491 1835 577 1907 ratio
594 1833 838 1908 continuisset?
872 1832 958 1931 quid
983 1835 1083 1906 deni·
1147 1879 1149 1890 ι

93 1980 178 2052 ,quet
204 1954 317 2052 potest
334 1954 585 2028 intolerabilius
601 1954 805 2044 existimari,
836 1978 942 2051 quam
958 1951 1084 2028 inferre

101 2075 261 2148 delubris
292 2076 452 2147 Deorum
485 2073 749 2172 immortalium,
780 2099 820 2148 ac
863 2073 1083 2150 facultatibus

8 2179 10 2250 Ῐ
103 2193 229 2268 nostris
246 2193 529 2268 illincsceleratas
546 2191 651 2285 faces,
679 2194 761 2267 hinc
779 2193 1005 2268 acerbissimas
1020 2221 1082 2268 ex·
1111 2239 1114 2244 ·

8 2325 9 2360 ἓ
104 2313 320 2414 pilationes?
350 2317 442 2389 Haec
461 2297 522 2414 qui
542 2335 762 2406 curaverunt,
776 2313 927 2412 judices,
946 2335 1006 2388 aut
1021 2317 1084 2414 qui

8 2455 9 2486 ³
102 2454 339 2525 tentaverunt,
368 2462 551 2534 nunquam
581 2461 649 2534 ego
677 2435 807 2510 alienos
834 2441 878 2512 ab
911 2437 1082 2530 hostibus,

8 2625 10 2642 ,
102 2573 164 2630 aut
189 2554 367 2630 dissimiles
392 2555 517 2628 feritati
543 2555 742 2631 bestiarum.
755 2556 973 2630 existimabo.

8 2671 9 2674 '
99 2725 100 2730 =
152 2677 238 2775 XV,
251 2653 422 2750 'Vidium
445 2677 491 2748 de
516 2674 575 2772 spe
593 2675 797 2772 perficiendi
815 2674 934 2748 nefarii
950 2675 1082 2752 facino-

8 2881 9 2884 ,
103 2797 173 2870 ris:
205 2796 401 2870 videndum
426 2797 474 2870 est
490 2798 535 2869 de
552 2796 644 2886 loco,
671 2823 778 2894 quam
796 2798 965 2870 latebram
983 2823 1082 2871 com-

8 2905 9 2912 *
105 2917 355 2990 modiffimam·
371 2921 414 2988 &¹
435 2915 639 2990 tutissimam
655 2916 816 3016 egregius
844 2915 966 2990 artifex
988 2918 1083 2994 dele·

8 3019 9 3028 ¹
104 3037 170 3136 git,
193 3063 277 3110 cum
304 3038 543 3134 contegenda„
559 3036 801 3135 conspirationi
818 3035 899 3127 suae,
927 3057 1005 3111 turn
1028 3063 1083 3114 ar-

101 3157 169 3230 mis
185 3157 351 3231 omnibus
378 3155 450 3253 ejus
477 3157 613 3250 artificii
642 3159 1006 3254 comprehendendis:
1039 3188 1084 3235 ne

8 3373 9 3376 Ἴ
101 3275 215 3352 forsan
249 3299 381 3350 temere
416 3277 564 3350 domum
600 3275 799 3350 nobilissimi
835 3278 935 3370 civis,
978 3301 1083 3378 atque

57 3475 59 3482 ,
103 3395 353 3494 opulentissimi
386 3399 443 3470 M.
471 3399 586 3472 Laecae
618 3399 790 3471 delectam
819 3401 886 3472 elle
908 3379 1087 3494 judicetis

102 3517 264 3591 Primum
277 3519 386 3590 homo
402 3517 557 3590 deleelus
581 3517 630 3590 est
654 3515 853 3615 hujusmodi
872 3517 1005 3590 nefariis
1021 3545 1083 3593 cu-

97 3637 308 3734 piditatibus·
326 3637 450 3727 affinis,
479 3663 551 3733 quo
563 3636 731 3734 participe
752 3636 885 3734 semper
908 3635 985 3712 usus
1007 3637 1082 3716 fue-

102 3775 155 3834 rat
176 3756 421 3834 'confiliorum
449 3755 604 3850 suorum,
641 3754 798 3854 adjutore
830 3758 1084 3844 teterrimarum
1128 3849 1131 3860 Ι
