<?xml version="1.0" encoding="UTF-8"?>
<!DOCTYPE html PUBLIC "-//W3C//DTD XHTML 1.0 Transitional//EN"
    "http://www.w3.org/TR/xhtml1/DTD/xhtml1-transitional.dtd">
<html xmlns="http://www.w3.org/1999/xhtml" xml:lang="en" lang="en">
 <head>
  <title>
</title>
<meta http-equiv="Content-Type" content="text/html;charset=utf-8" />
  <meta name='ocr-system' content='tesseract 3.04.00' />
  <meta name='ocr-capabilities' content='ocr_page ocr_carea ocr_par ocr_line ocrx_word'/>
</head>
<body>
  <div class='ocr_page' id='page_1' title='image "./caiicrispisallu00sallgoog_0320.png"; bbox 0 0 2668 4698; ppageno 0'>
   <div class='ocr_carea' id='block_1_1' title="bbox 239 365 1098 476">
    <p class='ocr_par' dir='ltr' id='par_1_1' title="bbox 239 365 1098 476">
     <span class='ocr_line' id='line_1_1' title="bbox 239 365 1098 476; baseline -0.016 -26"><span class='ocrx_word' id='word_1_1' title='bbox 239 403 307 476; x_wconf 82' lang='lat'><strong>3¹2</strong></span> <span class='ocrx_word' id='word_1_2' title='bbox 406 371 549 454; x_wconf 76' lang='lat' dir='ltr'><strong>Porcii</strong></span> <span class='ocrx_word' id='word_1_3' title='bbox 576 371 791 444; x_wconf 75' lang='lat' dir='ltr'><strong>Latronis</strong></span> <span class='ocrx_word' id='word_1_4' title='bbox 815 365 1098 440; x_wconf 72' lang='lat' dir='ltr'><strong>Dactnitnrio</strong></span> 
     </span>
    </p>
   </div>
   <div class='ocr_carea' id='block_1_2' title="bbox 217 534 1219 2206">
    <p class='ocr_par' dir='ltr' id='par_1_2' title="bbox 237 534 1214 1483">
     <span class='ocr_line' id='line_1_2' title="bbox 238 534 1209 618; baseline -0.006 -2"><span class='ocrx_word' id='word_1_5' title='bbox 238 542 390 618; x_wconf 90' lang='lat' dir='ltr'><strong>ferocem</strong></span> <span class='ocrx_word' id='word_1_6' title='bbox 409 543 568 618; x_wconf 89' lang='lat' dir='ltr'><strong>animum</strong></span> <span class='ocrx_word' id='word_1_7' title='bbox 584 541 749 618; x_wconf 85' lang='lat' dir='ltr'><strong>facillime</strong></span> <span class='ocrx_word' id='word_1_8' title='bbox 771 538 985 614; x_wconf 88' lang='lat' dir='ltr'><strong>credendum</strong></span> <span class='ocrx_word' id='word_1_9' title='bbox 1001 534 1061 610; x_wconf 90' lang='lat' dir='ltr'><strong>est.</strong></span> <span class='ocrx_word' id='word_1_10' title='bbox 1111 535 1209 610; x_wconf 83' lang='lat' dir='ltr'><strong>Tali·</strong></span> 
     </span>
     <span class='ocr_line' id='line_1_3' title="bbox 238 654 1211 762; baseline -0.009 -24"><span class='ocrx_word' id='word_1_11' title='bbox 238 665 304 738; x_wconf 89' lang='lat' dir='ltr'><strong>bus</strong></span> <span class='ocrx_word' id='word_1_12' title='bbox 322 665 425 740; x_wconf 88' lang='lat' dir='ltr'><strong>initiis</strong></span> <span class='ocrx_word' id='word_1_13' title='bbox 442 663 622 740; x_wconf 88' lang='lat' dir='ltr'><strong>consociati</strong></span> <span class='ocrx_word' id='word_1_14' title='bbox 641 662 811 762; x_wconf 84' lang='lat' dir='ltr'><strong>principes</strong></span> <span class='ocrx_word' id='word_1_15' title='bbox 829 657 986 734; x_wconf 78' lang='lat' dir='ltr'><strong>nefanda</strong></span> <span class='ocrx_word' id='word_1_16' title='bbox 1002 654 1211 754; x_wconf 90' lang='lat' dir='ltr'><strong>conjuratio-</strong></span> 
     </span>
     <span class='ocr_line' id='line_1_4' title="bbox 239 776 1211 884; baseline -0.009 -26"><span class='ocrx_word' id='word_1_17' title='bbox 239 785 307 876; x_wconf 84' lang='lat' dir='ltr'><strong>nis,</strong></span> <span class='ocrx_word' id='word_1_18' title='bbox 344 811 488 860; x_wconf 90' lang='lat' dir='ltr'><strong>manum</strong></span> <span class='ocrx_word' id='word_1_19' title='bbox 516 783 679 884; x_wconf 84' lang='lat' dir='ltr'><strong>exiguam</strong></span> <span class='ocrx_word' id='word_1_20' title='bbox 721 779 975 878; x_wconf 88' lang='lat' dir='ltr'><strong>desperatorum</strong></span> <span class='ocrx_word' id='word_1_21' title='bbox 1010 776 1211 868; x_wconf 89' lang='lat' dir='ltr'><strong>hominum,</strong></span> 
     </span>
     <span class='ocr_line' id='line_1_5' title="bbox 237 899 1212 1005; baseline -0.007 -27"><span class='ocrx_word' id='word_1_22' title='bbox 237 925 341 1005; x_wconf 89' lang='lat' dir='ltr'><strong>atque</strong></span> <span class='ocrx_word' id='word_1_23' title='bbox 356 905 528 982; x_wconf 86' lang='lat' dir='ltr'><strong>obscoenae</strong></span> <span class='ocrx_word' id='word_1_24' title='bbox 545 903 751 1004; x_wconf 82' lang='lat' dir='ltr'><strong>juventutis,</strong></span> <span class='ocrx_word' id='word_1_25' title='bbox 778 899 990 1000; x_wconf 84' lang='lat' dir='ltr'><strong>pedetentim</strong></span> <span class='ocrx_word' id='word_1_26' title='bbox 1006 919 1212 998; x_wconf 85' lang='lat' dir='ltr'><strong>coegerunt:</strong></span> 
     </span>
     <span class='ocr_line' id='line_1_6' title="bbox 238 1021 1213 1122; baseline -0.006 -23"><span class='ocrx_word' id='word_1_27' title='bbox 238 1027 411 1115; x_wconf 75' lang='lat' dir='ltr'><strong>coactam,</strong></span> <span class='ocrx_word' id='word_1_28' title='bbox 434 1063 436 1070; x_wconf 87' lang='lat'><em>·</em></span> <span class='ocrx_word' id='word_1_29' title='bbox 462 1025 548 1122; x_wconf 92' lang='lat' dir='ltr'><strong>quid</strong></span> <span class='ocrx_word' id='word_1_30' title='bbox 582 1026 725 1114; x_wconf 89' lang='lat' dir='ltr'><strong>vellent,</strong></span> <span class='ocrx_word' id='word_1_31' title='bbox 763 1025 1002 1096; x_wconf 86' lang='lat' dir='ltr'><strong>edocuerunt:</strong></span> <span class='ocrx_word' id='word_1_32' title='bbox 1037 1021 1213 1108; x_wconf 58' lang='lat' dir='ltr'><strong>edom,</strong></span> 
     </span>
     <span class='ocr_line' id='line_1_7' title="bbox 242 1137 1213 1244; baseline -0.007 -24"><span class='ocrx_word' id='word_1_33' title='bbox 242 1145 314 1244; x_wconf 84' lang='lat' dir='ltr'><strong>pari</strong></span> <span class='ocrx_word' id='word_1_34' title='bbox 347 1145 535 1243; x_wconf 87' lang='lat' dir='ltr'><strong>cupiditate</strong></span> <span class='ocrx_word' id='word_1_35' title='bbox 561 1143 694 1219; x_wconf 91' lang='lat' dir='ltr'><strong>sceleris</strong></span> <span class='ocrx_word' id='word_1_36' title='bbox 719 1137 1047 1218; x_wconf 84' lang='lat' dir='ltr'><strong>inflammaverunt:</strong></span> <span class='ocrx_word' id='word_1_37' title='bbox 1076 1140 1213 1214; x_wconf 85' lang='lat' dir='ltr'><strong>inflam-</strong></span> 
     </span>
     <span class='ocr_line' id='line_1_8' title="bbox 239 1259 1214 1363; baseline -0.006 -24"><span class='ocrx_word' id='word_1_38' title='bbox 239 1285 371 1351; x_wconf 85' lang='lat' dir='ltr'><strong>matam</strong></span> <span class='ocrx_word' id='word_1_39' title='bbox 393 1265 543 1363; x_wconf 88' lang='lat' dir='ltr'><strong>denique</strong></span> <span class='ocrx_word' id='word_1_40' title='bbox 567 1267 786 1363; x_wconf 90' lang='lat' dir='ltr'><strong>pepulerunt,</strong></span> <span class='ocrx_word' id='word_1_41' title='bbox 812 1283 851 1338; x_wconf 93' lang='lat' dir='ltr'><strong>ut</strong></span> <span class='ocrx_word' id='word_1_42' title='bbox 878 1263 914 1336; x_wconf 92' lang='lat' dir='ltr'><strong>in</strong></span> <span class='ocrx_word' id='word_1_43' title='bbox 946 1261 1110 1338; x_wconf 90' lang='lat' dir='ltr'><strong>omnium</strong></span> <span class='ocrx_word' id='word_1_44' title='bbox 1139 1259 1214 1334; x_wconf 92' lang='lat' dir='ltr'><strong>nos-</strong></span> 
     </span>
     <span class='ocr_line' id='line_1_9' title="bbox 241 1382 1202 1483; baseline 0 -27"><span class='ocrx_word' id='word_1_45' title='bbox 241 1405 335 1458; x_wconf 90' lang='lat' dir='ltr'><strong>trum</strong></span> <span class='ocrx_word' id='word_1_46' title='bbox 361 1383 556 1476; x_wconf 83' lang='lat' dir='ltr'><strong>facultates,</strong></span> <span class='ocrx_word' id='word_1_47' title='bbox 582 1412 622 1458; x_wconf 89' lang='lat' dir='ltr'><strong>ac</strong></span> <span class='ocrx_word' id='word_1_48' title='bbox 642 1385 751 1458; x_wconf 89' lang='lat' dir='ltr'><strong>vitam</strong></span> <span class='ocrx_word' id='word_1_49' title='bbox 769 1383 934 1458; x_wconf 88' lang='lat' dir='ltr'><strong>facillime</strong></span> <span class='ocrx_word' id='word_1_50' title='bbox 958 1382 1202 1483; x_wconf 84' lang='lat' dir='ltr'><strong>conspirarent.</strong></span> 
     </span>
    </p>

    <p class='ocr_par' dir='ltr' id='par_1_3' title="bbox 217 1504 1324 2206">
     <span class='ocr_line' id='line_1_10' title="bbox 292 1504 1216 1599; baseline -0.002 -21"><span class='ocrx_word' id='word_1_51' title='bbox 292 1507 431 1579; x_wconf 86' lang='lat' dir='ltr'><strong>XXXI.</strong></span> <span class='ocrx_word' id='word_1_52' title='bbox 455 1506 575 1580; x_wconf 91' lang='lat' dir='ltr'><strong>Furias</strong></span> <span class='ocrx_word' id='word_1_53' title='bbox 591 1506 668 1580; x_wconf 91' lang='lat' dir='ltr'><strong>istas</strong></span> <span class='ocrx_word' id='word_1_54' title='bbox 685 1505 837 1594; x_wconf 88' lang='lat' dir='ltr'><strong>audistis,</strong></span> <span class='ocrx_word' id='word_1_55' title='bbox 866 1504 1021 1599; x_wconf 90' lang='lat' dir='ltr'><strong>Judices,</strong></span> <span class='ocrx_word' id='word_1_56' title='bbox 1056 1529 1216 1576; x_wconf 89' lang='lat' dir='ltr'><strong>commo·</strong></span> 
     </span>
     <span class='ocr_line' id='line_1_11' title="bbox 241 1623 1217 1723; baseline -0.002 -25"><span class='ocrx_word' id='word_1_57' title='bbox 241 1626 391 1707; x_wconf 87' lang='lat' dir='ltr'><strong>diffimas</strong></span> <span class='ocrx_word' id='word_1_58' title='bbox 408 1651 448 1700; x_wconf 84' lang='lat' dir='ltr'><strong>ac</strong></span> <span class='ocrx_word' id='word_1_59' title='bbox 467 1647 613 1723; x_wconf 89' lang='lat' dir='ltr'><strong>paratas,</strong></span> <span class='ocrx_word' id='word_1_60' title='bbox 643 1653 714 1700; x_wconf 93' lang='lat' dir='ltr'><strong>non</strong></span> <span class='ocrx_word' id='word_1_61' title='bbox 731 1626 840 1698; x_wconf 89' lang='lat' dir='ltr'><strong>modo</strong></span> <span class='ocrx_word' id='word_1_62' title='bbox 867 1625 912 1696; x_wconf 88' lang='lat' dir='ltr'><strong>ad</strong></span> <span class='ocrx_word' id='word_1_63' title='bbox 940 1623 1041 1696; x_wconf 88' lang='lat' dir='ltr'><strong>vivos</strong></span> <span class='ocrx_word' id='word_1_64' title='bbox 1058 1649 1217 1698; x_wconf 89' lang='lat' dir='ltr'><strong>commo·</strong></span> 
     </span>
     <span class='ocr_line' id='line_1_12' title="bbox 243 1744 1219 1837; baseline -0.002 -17"><span class='ocrx_word' id='word_1_65' title='bbox 243 1748 378 1820; x_wconf 74' lang='lat' dir='ltr'><strong>nendos</strong></span> <span class='ocrx_word' id='word_1_66' title='bbox 394 1747 430 1820; x_wconf 95' lang='lat' dir='ltr'><strong>in</strong></span> <span class='ocrx_word' id='word_1_67' title='bbox 446 1772 552 1820; x_wconf 91' lang='lat' dir='ltr'><strong>omne</strong></span> <span class='ocrx_word' id='word_1_68' title='bbox 569 1745 714 1837; x_wconf 86' lang='lat' dir='ltr'><strong>facinus,</strong></span> <span class='ocrx_word' id='word_1_69' title='bbox 733 1771 857 1820; x_wconf 91' lang='lat' dir='ltr'><strong>verum</strong></span> <span class='ocrx_word' id='word_1_70' title='bbox 874 1744 978 1820; x_wconf 90' lang='lat' dir='ltr'><strong>etiam</strong></span> <span class='ocrx_word' id='word_1_71' title='bbox 995 1747 1039 1818; x_wconf 94' lang='lat' dir='ltr'><strong>ad</strong></span> <span class='ocrx_word' id='word_1_72' title='bbox 1060 1763 1219 1821; x_wconf 88' lang='lat' dir='ltr'><strong>mortuos</strong></span> 
     </span>
     <span class='ocr_line' id='line_1_13' title="bbox 217 1865 1217 1971; baseline -0.001 -31"><span class='ocrx_word' id='word_1_73' title='bbox 217 1962 220 1971; x_wconf 26' lang='grc' dir='ltr'>Ι</span> <span class='ocrx_word' id='word_1_74' title='bbox 242 1891 289 1940; x_wconf 86' lang='lat' dir='ltr'><strong>ex</strong></span> <span class='ocrx_word' id='word_1_75' title='bbox 306 1866 379 1964; x_wconf 91' lang='lat' dir='ltr'><strong>ipso</strong></span> <span class='ocrx_word' id='word_1_76' title='bbox 395 1869 513 1958; x_wconf 90' lang='lat' dir='ltr'><strong>erebo,</strong></span> <span class='ocrx_word' id='word_1_77' title='bbox 532 1865 722 1964; x_wconf 86' lang='lat' dir='ltr'><strong>mediisque</strong></span> <span class='ocrx_word' id='word_1_78' title='bbox 748 1865 852 1940; x_wconf 89' lang='lat' dir='ltr'><strong>bustis</strong></span> <span class='ocrx_word' id='word_1_79' title='bbox 880 1865 1094 1940; x_wconf 86' lang='lat' dir='ltr'><strong>excitandos.</strong></span> <span class='ocrx_word' id='word_1_80' title='bbox 1146 1869 1217 1939; x_wconf 88' lang='lat' dir='ltr'><strong>Re-</strong></span> 
     </span>
     <span class='ocr_line' id='line_1_14' title="bbox 244 1985 1218 2084; baseline -0.002 -24"><span class='ocrx_word' id='word_1_81' title='bbox 244 1985 335 2084; x_wconf 90' lang='lat' dir='ltr'><strong>perti</strong></span> <span class='ocrx_word' id='word_1_82' title='bbox 353 1985 430 2061; x_wconf 91' lang='lat' dir='ltr'><strong>sunt</strong></span> <span class='ocrx_word' id='word_1_83' title='bbox 452 2007 570 2066; x_wconf 90' lang='lat' dir='ltr'><strong>tamen</strong></span> <span class='ocrx_word' id='word_1_84' title='bbox 598 1985 793 2060; x_wconf 73' lang='lat' dir='ltr'><strong>atrocissimi</strong></span> <span class='ocrx_word' id='word_1_85' title='bbox 814 1985 944 2060; x_wconf 92' lang='lat' dir='ltr'><strong>sceleris</strong></span> <span class='ocrx_word' id='word_1_86' title='bbox 967 1986 1117 2082; x_wconf 89' lang='lat' dir='ltr'><strong>patroni,</strong></span> <span class='ocrx_word' id='word_1_87' title='bbox 1142 1987 1218 2084; x_wconf 89' lang='lat' dir='ltr'><strong>qui·</strong></span> 
     </span>
     <span class='ocr_line' id='line_1_15' title="bbox 224 2102 1219 2206; baseline -0.001 -26"><span class='ocrx_word' id='word_1_88' title='bbox 224 2134 314 2205; x_wconf 48' lang='lat' dir='ltr'><strong>¹que</strong></span> <span class='ocrx_word' id='word_1_89' title='bbox 337 2107 590 2182; x_wconf 87' lang='lat' dir='ltr'><strong>immanitatem</strong></span> <span class='ocrx_word' id='word_1_90' title='bbox 617 2107 823 2182; x_wconf 79' lang='lat' dir='ltr'><strong>detestandae</strong></span> <span class='ocrx_word' id='word_1_91' title='bbox 850 2102 912 2196; x_wconf 85' lang='lat' dir='ltr'><strong>rei,</strong></span> <span class='ocrx_word' id='word_1_92' title='bbox 936 2126 1012 2178; x_wconf 91' lang='lat' dir='ltr'><strong>tum</strong></span> <span class='ocrx_word' id='word_1_93' title='bbox 1036 2125 1219 2206; x_wconf 85' lang='lat' dir='ltr'><strong>contegere</strong></span> 
     </span>
    </p>
   </div>
   <div class='ocr_carea' id='block_1_3' title="bbox 243 2226 1324 2318">
    <p class='ocr_par' dir='ltr' id='par_1_4' title="bbox 243 2226 1324 2318">
     <span class='ocr_line' id='line_1_16' title="bbox 243 2226 1324 2318; baseline 0 -18"><span class='ocrx_word' id='word_1_94' title='bbox 243 2227 372 2318; x_wconf 89' lang='lat' dir='ltr'><strong>verbis,</strong></span> <span class='ocrx_word' id='word_1_95' title='bbox 400 2247 476 2316; x_wconf 88' lang='lat' dir='ltr'><strong>tum</strong></span> <span class='ocrx_word' id='word_1_96' title='bbox 493 2226 780 2302; x_wconf 84' lang='lat' dir='ltr'><strong>excusare&#39;conati</strong></span> <span class='ocrx_word' id='word_1_97' title='bbox 797 2226 884 2299; x_wconf 92' lang='lat' dir='ltr'><strong>sunt.</strong></span> <span class='ocrx_word' id='word_1_98' title='bbox 943 2227 989 2299; x_wconf 90' lang='lat' dir='ltr'><strong>L.</strong></span> <span class='ocrx_word' id='word_1_99' title='bbox 1012 2227 1220 2302; x_wconf 81' lang='lat' dir='ltr'><strong>Hortensius</strong></span> <span class='ocrx_word' id='word_1_100' title='bbox 1323 2279 1324 2282; x_wconf 63' lang='lat'><strong>,</strong></span> 
     </span>
    </p>
   </div>
   <div class='ocr_carea' id='block_1_4' title="bbox 168 2346 1323 3771">
    <p class='ocr_par' dir='ltr' id='par_1_5' title="bbox 168 2346 1226 3524">
     <span class='ocr_line' id='line_1_17' title="bbox 245 2346 1222 2445; baseline 0.002 -27"><span class='ocrx_word' id='word_1_101' title='bbox 245 2347 298 2418; x_wconf 87' lang='lat' dir='ltr'><strong>vir</strong></span> <span class='ocrx_word' id='word_1_102' title='bbox 326 2347 454 2420; x_wconf 86' lang='lat' dir='ltr'><strong>eximia</strong></span> <span class='ocrx_word' id='word_1_103' title='bbox 485 2348 625 2421; x_wconf 87' lang='lat' dir='ltr'><strong>caritate</strong></span> <span class='ocrx_word' id='word_1_104' title='bbox 651 2347 756 2445; x_wconf 91' lang='lat' dir='ltr'><strong>Reip.</strong></span> <span class='ocrx_word' id='word_1_105' title='bbox 785 2346 997 2445; x_wconf 87' lang='lat' dir='ltr'><strong>summisque</strong></span> <span class='ocrx_word' id='word_1_106' title='bbox 1011 2347 1222 2420; x_wconf 86' lang='lat' dir='ltr'><strong>ornamentis</strong></span> 
     </span>
     <span class='ocr_line' id='line_1_18' title="bbox 245 2466 1220 2565; baseline 0.004 -27"><span class='ocrx_word' id='word_1_107' title='bbox 245 2467 422 2564; x_wconf 82' lang='lat' dir='ltr'><strong>praeditus,</strong></span> <span class='ocrx_word' id='word_1_108' title='bbox 460 2466 681 2559; x_wconf 64' lang='lat' dir='ltr'><strong>rescientiae,</strong></span> <span class='ocrx_word' id='word_1_109' title='bbox 718 2473 751 2542; x_wconf 81' lang='grc' dir='ltr'><strong>δι</strong></span> <span class='ocrx_word' id='word_1_110' title='bbox 793 2466 1052 2557; x_wconf 88' lang='lat' dir='ltr'><strong>moderationis,</strong></span> <span class='ocrx_word' id='word_1_111' title='bbox 1087 2492 1220 2565; x_wconf 91' lang='lat' dir='ltr'><strong>nequa-</strong></span> 
     </span>
     <span class='ocr_line' id='line_1_19' title="bbox 245 2585 1220 2688; baseline 0.003 -28"><span class='ocrx_word' id='word_1_112' title='bbox 245 2613 354 2685; x_wconf 91' lang='lat' dir='ltr'><strong>quam</strong></span> <span class='ocrx_word' id='word_1_113' title='bbox 376 2587 494 2661; x_wconf 89' lang='lat' dir='ltr'><strong>omnia</strong></span> <span class='ocrx_word' id='word_1_114' title='bbox 520 2589 694 2661; x_wconf 87' lang='lat' dir='ltr'><strong>credenda</strong></span> <span class='ocrx_word' id='word_1_115' title='bbox 721 2590 787 2661; x_wconf 86' lang='lat' dir='ltr'><strong>effe</strong></span> <span class='ocrx_word' id='word_1_116' title='bbox 814 2587 923 2661; x_wconf 90' lang='lat' dir='ltr'><strong>dicit:</strong></span> <span class='ocrx_word' id='word_1_117' title='bbox 941 2585 1114 2685; x_wconf 87' lang='lat' dir='ltr'><strong>jubetque</strong></span> <span class='ocrx_word' id='word_1_118' title='bbox 1143 2615 1220 2688; x_wconf 77' lang='lat' dir='ltr'><strong>gra-</strong></span> 
     </span>
     <span class='ocr_line' id='line_1_20' title="bbox 168 2707 1220 2808; baseline 0 -26"><span class='ocrx_word' id='word_1_119' title='bbox 168 2725 173 2730; x_wconf 88' lang='grc'><em>“</em></span> <span class='ocrx_word' id='word_1_120' title='bbox 245 2707 387 2782; x_wconf 89' lang='lat' dir='ltr'><strong>vifsrmis</strong></span> <span class='ocrx_word' id='word_1_121' title='bbox 405 2708 605 2784; x_wconf 89' lang='lat' dir='ltr'><strong>hominibus</strong></span> <span class='ocrx_word' id='word_1_122' title='bbox 622 2707 821 2802; x_wconf 82' lang='lat' dir='ltr'><strong>facilitatem</strong></span> <span class='ocrx_word' id='word_1_123' title='bbox 831 2708 1046 2806; x_wconf 91' lang='lat' dir='ltr'><strong>judiciorum</strong></span> <span class='ocrx_word' id='word_1_124' title='bbox 1071 2709 1220 2808; x_wconf 84' lang='lat' dir='ltr'><strong>diligen-</strong></span> 
     </span>
     <span class='ocr_line' id='line_1_21' title="bbox 245 2828 1222 2940; baseline 0.005 -40"><span class='ocrx_word' id='word_1_125' title='bbox 245 2846 298 2902; x_wconf 91' lang='lat' dir='ltr'><strong>ter</strong></span> <span class='ocrx_word' id='word_1_126' title='bbox 314 2831 381 2902; x_wconf 86' lang='lat' dir='ltr'><strong>else</strong></span> <span class='ocrx_word' id='word_1_127' title='bbox 398 2828 656 2940; x_wconf 57' lang='lat' dir='ltr'><strong>continendam:</strong></span> <span class='ocrx_word' id='word_1_128' title='bbox 697 2828 855 2902; x_wconf 91' lang='lat' dir='ltr'><strong>Primum</strong></span> <span class='ocrx_word' id='word_1_129' title='bbox 873 2831 1020 2913; x_wconf 88' lang='lat' dir='ltr'><strong>affirmat</strong></span> <span class='ocrx_word' id='word_1_130' title='bbox 1035 2829 1222 2904; x_wconf 90' lang='lat' dir='ltr'><strong>Catilinam</strong></span> 
     </span>
     <span class='ocr_line' id='line_1_22' title="bbox 247 2945 1222 3049; baseline 0.004 -29"><span class='ocrx_word' id='word_1_131' title='bbox 247 2945 283 3020; x_wconf 90' lang='lat' dir='ltr'><strong>in</strong></span> <span class='ocrx_word' id='word_1_132' title='bbox 311 2969 474 3046; x_wconf 89' lang='lat' dir='ltr'><strong>perpetua</strong></span> <span class='ocrx_word' id='word_1_133' title='bbox 514 2949 668 3023; x_wconf 89' lang='lat' dir='ltr'><strong>custodia</strong></span> <span class='ocrx_word' id='word_1_134' title='bbox 707 2953 850 3025; x_wconf 83' lang='lat' dir='ltr'><strong>Senatus</strong></span> <span class='ocrx_word' id='word_1_135' title='bbox 875 2949 1046 3026; x_wconf 84' lang='lat' dir='ltr'><strong>extitiffe:</strong></span> <span class='ocrx_word' id='word_1_136' title='bbox 1071 2951 1222 3049; x_wconf 87' lang='lat' dir='ltr'><strong>denique</strong></span> 
     </span>
     <span class='ocr_line' id='line_1_23' title="bbox 248 3067 1222 3170; baseline 0.008 -34"><span class='ocrx_word' id='word_1_137' title='bbox 248 3091 433 3162; x_wconf 90' lang='lat' dir='ltr'><strong>nunquam</strong></span> <span class='ocrx_word' id='word_1_138' title='bbox 459 3067 570 3141; x_wconf 90' lang='lat' dir='ltr'><strong>ferme</strong></span> <span class='ocrx_word' id='word_1_139' title='bbox 586 3068 763 3148; x_wconf 78' lang='lat' dir='ltr'><strong>discessisse</strong></span> <span class='ocrx_word' id='word_1_140' title='bbox 791 3097 812 3143; x_wconf 88' lang='lat' dir='ltr'><strong>a</strong></span> <span class='ocrx_word' id='word_1_141' title='bbox 840 3072 951 3146; x_wconf 82' lang='lat' dir='ltr'><strong>latere&#39;</strong></span> <span class='ocrx_word' id='word_1_142' title='bbox 961 3072 1079 3146; x_wconf 92' lang='lat' dir='ltr'><strong>Publii</strong></span> <span class='ocrx_word' id='word_1_143' title='bbox 1096 3072 1222 3170; x_wconf 91' lang='lat' dir='ltr'><strong>Cepio-</strong></span> 
     </span>
     <span class='ocr_line' id='line_1_24' title="bbox 181 3185 1225 3289; baseline 0.011 -32"><span class='ocrx_word' id='word_1_144' title='bbox 181 3281 184 3286; x_wconf 84' lang='lat'>.</span> <span class='ocrx_word' id='word_1_145' title='bbox 248 3185 300 3258; x_wconf 91' lang='lat' dir='ltr'><strong>nis</strong></span> <span class='ocrx_word' id='word_1_146' title='bbox 327 3185 527 3260; x_wconf 78' lang='lat' dir='ltr'><strong>nobilissimi</strong></span> <span class='ocrx_word' id='word_1_147' title='bbox 558 3188 656 3280; x_wconf 87' lang='lat' dir='ltr'><strong>civis,</strong></span> <span class='ocrx_word' id='word_1_148' title='bbox 698 3209 804 3288; x_wconf 91' lang='lat' dir='ltr'><strong>atque</strong></span> <span class='ocrx_word' id='word_1_149' title='bbox 829 3190 1041 3289; x_wconf 89' lang='lat' dir='ltr'><strong>integerrimi</strong></span> <span class='ocrx_word' id='word_1_150' title='bbox 1069 3193 1151 3284; x_wconf 90' lang='lat' dir='ltr'><strong>viri,</strong></span> <span class='ocrx_word' id='word_1_151' title='bbox 1177 3193 1225 3268; x_wconf 93' lang='lat' dir='ltr'><strong>ita</strong></span> 
     </span>
     <span class='ocr_line' id='line_1_25' title="bbox 246 3305 1226 3410; baseline 0.004 -30"><span class='ocrx_word' id='word_1_152' title='bbox 246 3325 285 3380; x_wconf 90' lang='lat' dir='ltr'><strong>ut</strong></span> <span class='ocrx_word' id='word_1_153' title='bbox 302 3305 417 3403; x_wconf 88' lang='lat' dir='ltr'><strong>lepide</strong></span> <span class='ocrx_word' id='word_1_154' title='bbox 434 3306 539 3397; x_wconf 90' lang='lat' dir='ltr'><strong>dicat,</strong></span> <span class='ocrx_word' id='word_1_155' title='bbox 565 3310 796 3406; x_wconf 66' lang='lat' dir='ltr'><strong>dff’parationi</strong></span> <span class='ocrx_word' id='word_1_156' title='bbox 816 3335 917 3385; x_wconf 85' lang='lat' dir='ltr'><strong>eorum</strong></span> <span class='ocrx_word' id='word_1_157' title='bbox 943 3338 1038 3410; x_wconf 83' lang='lat' dir='ltr'><strong>neque</strong></span> <span class='ocrx_word' id='word_1_158' title='bbox 1045 3316 1143 3408; x_wconf 79' lang='lat' dir='ltr'><strong>solem</strong></span> <span class='ocrx_word' id='word_1_159' title='bbox 1159 3319 1226 3386; x_wconf 84' lang='lat' dir='ltr'><strong>ori-</strong></span> 
     </span>
     <span class='ocr_line' id='line_1_26' title="bbox 246 3433 1038 3524; baseline 0.003 -24"><span class='ocrx_word' id='word_1_160' title='bbox 246 3441 344 3500; x_wconf 82' lang='lat' dir='ltr'><strong>entem</strong></span> <span class='ocrx_word' id='word_1_161' title='bbox 360 3451 504 3523; x_wconf 84' lang='lat' dir='ltr'><strong>unquam,</strong></span> <span class='ocrx_word' id='word_1_162' title='bbox 528 3453 623 3524; x_wconf 84' lang='lat' dir='ltr'><strong>neque</strong></span> <span class='ocrx_word' id='word_1_163' title='bbox 636 3433 815 3504; x_wconf 84' lang='lat' dir='ltr'><strong>occidentem</strong></span> <span class='ocrx_word' id='word_1_164' title='bbox 831 3436 990 3506; x_wconf 85' lang='lat' dir='ltr'><strong>interveni</strong></span> <span class='ocrx_word' id='word_1_165' title='bbox 1010 3460 1038 3506; x_wconf 81' lang='lat' dir='ltr'><strong>e.</strong></span> 
     </span>
    </p>

    <p class='ocr_par' dir='ltr' id='par_1_6' title="bbox 246 3547 1323 3771">
     <span class='ocr_line' id='line_1_27' title="bbox 295 3547 1323 3650; baseline 0.011 -32"><span class='ocrx_word' id='word_1_166' title='bbox 295 3548 452 3620; x_wconf 87' lang='lat' dir='ltr'><strong>XXXII.</strong></span> <span class='ocrx_word' id='word_1_167' title='bbox 477 3547 594 3644; x_wconf 80' lang='lat' dir='ltr'><strong>Credo</strong></span> <span class='ocrx_word' id='word_1_168' title='bbox 618 3549 783 3646; x_wconf 89' lang='lat' dir='ltr'><strong>equidem</strong></span> <span class='ocrx_word' id='word_1_169' title='bbox 805 3551 1082 3650; x_wconf 87' lang='lat' dir='ltr'><strong>sapientissimum</strong></span> <span class='ocrx_word' id='word_1_170' title='bbox 1108 3556 1225 3628; x_wconf 87' lang='lat' dir='ltr'><strong>homi·</strong></span> <span class='ocrx_word' id='word_1_171' title='bbox 1322 3645 1323 3648; x_wconf 8' lang='grc' dir='ltr'><strong>Ἴ</strong></span> 
     </span>
     <span class='ocr_line' id='line_1_28' title="bbox 246 3663 1323 3771; baseline 0.012 -34"><span class='ocrx_word' id='word_1_172' title='bbox 246 3691 328 3738; x_wconf 90' lang='lat' dir='ltr'><strong>nem</strong></span> <span class='ocrx_word' id='word_1_173' title='bbox 346 3669 587 3759; x_wconf 81' lang='lat' dir='ltr'><strong>Hortensium,</strong></span> <span class='ocrx_word' id='word_1_174' title='bbox 605 3689 643 3742; x_wconf 92' lang='lat' dir='ltr'><strong>ut</strong></span> <span class='ocrx_word' id='word_1_175' title='bbox 657 3671 704 3743; x_wconf 86' lang='lat' dir='ltr'><strong>est</strong></span> <span class='ocrx_word' id='word_1_176' title='bbox 719 3670 916 3747; x_wconf 89' lang='lat' dir='ltr'><strong>innocentia</strong></span> <span class='ocrx_word' id='word_1_177' title='bbox 933 3675 1104 3771; x_wconf 86' lang='lat' dir='ltr'><strong>singulari,</strong></span> <span class='ocrx_word' id='word_1_178' title='bbox 1130 3675 1223 3766; x_wconf 85' lang='lat' dir='ltr'><strong>sum·</strong></span> <span class='ocrx_word' id='word_1_179' title='bbox 1322 3663 1323 3690; x_wconf 73' lang='lat'>³</span> 
     </span>
    </p>
   </div>
   <div class='ocr_carea' id='block_1_5' title="bbox 248 3787 1221 3895">
    <p class='ocr_par' dir='ltr' id='par_1_7' title="bbox 248 3787 1221 3895">
     <span class='ocr_line' id='line_1_29' title="bbox 248 3787 1221 3895; baseline 0.015 -40"><span class='ocrx_word' id='word_1_180' title='bbox 248 3809 377 3883; x_wconf 90' lang='lat' dir='ltr'><strong>maque</strong></span> <span class='ocrx_word' id='word_1_181' title='bbox 405 3787 548 3881; x_wconf 90' lang='lat' dir='ltr'><strong>virtute,</strong></span> <span class='ocrx_word' id='word_1_182' title='bbox 585 3791 709 3866; x_wconf 74' lang='lat' dir='ltr'><strong>cuncta</strong></span> <span class='ocrx_word' id='word_1_183' title='bbox 728 3790 809 3890; x_wconf 88' lang='lat' dir='ltr'><strong>ipsa,</strong></span> <span class='ocrx_word' id='word_1_184' title='bbox 847 3821 925 3893; x_wconf 88' lang='lat' dir='ltr'><strong>quae</strong></span> <span class='ocrx_word' id='word_1_185' title='bbox 959 3794 1153 3895; x_wconf 80' lang='lat' dir='ltr'><strong>gravissime</strong></span> <span class='ocrx_word' id='word_1_186' title='bbox 1183 3799 1221 3870; x_wconf 83' lang='lat' dir='ltr'><strong>fi-</strong></span> 
     </span>
    </p>
   </div>
   <div class='ocr_carea' id='block_1_6' title="bbox 0 0 1350 4698">
    <p class='ocr_par' dir='ltr' id='par_1_8' title="bbox 0 0 1350 4698">
     <span class='ocr_line' id='line_1_30' title="bbox 0 0 1350 4698; baseline 0 0"><span class='ocrx_word' id='word_1_187' title='bbox 0 0 1350 4698; x_wconf 95' lang='lat' dir='ltr'><strong> </strong></span> 
     </span>
    </p>
   </div>
  </div>
 </body>
</html>
