2662 4686
234 355 300 448 148
424 351 467 425 C.
500 325 690 424 Cnrsrr
726 347 1019 424 Snstusrrr

233 533 261 568 “
280 527 355 622 litas
372 527 440 614 est;
465 551 572 626 quam
587 545 682 600 certe
698 525 864 624 peperilse
881 525 1005 599 melius
1023 525 1087 616 est,
1107 544 1213 624 quam

232 655 260 691 “
278 669 472 764 acceptamk
486 647 681 744 corrupiffe.
739 646 918 745 Equidem
936 671 1005 745 ego
1022 671 1094 719 non
1111 645 1214 744 igno·

230 771 259 812 “
276 794 330 860 ro,
362 773 387 842 fi
408 766 485 868 jam¹
512 767 720 865 respondere
747 766 872 858 velint,
902 769 1042 864 abunde
1064 767 1130 840 illis
1157 765 1208 840 fa·
1317 823 1318 826 ,

232 896 260 932 “
280 891 435 964 cundam
459 891 751 988 &compositam
781 888 977 966 orationem
1004 885 1089 962 fore.
1145 889 1214 963 Sed

231 1017 259 1052 “
277 1006 314 1082 in
338 1035 508 1083 maxumo
525 1010 640 1084 vestro
658 1010 843 1101 beneficio,
861 1036 945 1084 cum
961 1008 1128 1082 omnibus
1159 1008 1213 1084 lo·

232 1137 259 1172 “
278 1130 326 1204 cis
352 1155 410 1204 me
437 1129 571 1229 vosque
588 1129 783 1204 maledictis
802 1132 966 1220 lacerent,
992 1155 1065 1202 non
1083 1129 1213 1226 placuit

232 1259 260 1295 “
278 1251 443 1324 reticere:
474 1277 521 1324 ne
554 1251 632 1350 quis
665 1251 873 1326 modestiam
901 1251 937 1324 in
967 1249 1212 1325 conscientiam

230 1377 259 1414 “
277 1374 431 1446 duceret.
473 1375 573 1446 Nam
590 1391 647 1446 me
666 1372 825 1469 quidem,
844 1397 888 1446 ex
905 1371 1012 1446 animi
1028 1371 1208 1464 sententia,
1262 1423 1263 1426 =

231 1495 373 1567 “nulla
405 1493 515 1568 oratio
543 1494 669 1567 laedere
699 1494 823 1591 potest.
874 1493 1018 1591 Qippe
1044 1520 1128 1568 vera
1150 1511 1210 1568 ne·

229 1621 258 1656 ‘⁶
277 1615 365 1688 celle
382 1615 430 1688 est
447 1616 537 1688 bene
567 1615 732 1713 praedi'cet
744 1645 754 1702 ;
779 1613 897 1688 falsam
925 1614 998 1687 vita
1030 1615 1212 1712 moresque

225 1741 258 1778 ·“
276 1735 346 1807 mei
375 1734 547 1832 superant.
596 1736 663 1808 Sed
686 1735 856 1832 quoniam
873 1735 984 1808 vestra
1000 1735 1139 1810 consilia
1154 1761 1211 1809 ac-

229 1863 257 1899 “
275 1853 448 1946 cusantur,
474 1856 537 1954 qui
553 1847 640 1930 mihi
657 1854 836 1930 summum
853 1859 1038 1947 honorem,
1057 1862 1090 1930 &
1108 1883 1210 1930 max-

228 1984 256 2019 “
274 2003 400 2050 umum
416 1977 602 2076 negotium
619 1977 828 2076 imposuistis
846 2007 854 2051 :
887 1977 991 2052 etiarn
1005 1999 1119 2077 ‘atque
1146 1980 1211 2052 eti-

228 2101 256 2139 “
274 2122 332 2170 am
360 2117 532 2194 reputate,
564 2125 652 2172 num
684 2099 723 2172 id
755 2099 1006 2197 poenitundum
1025 2103 1073 2173 ht.
1121 2101 1212 2172 Non

162 2213 166 2220 ²
228 2224 256 2260 “
275 2221 414 2314 pofl'um
433 2217 517 2290 fidei
535 2221 648 2292 caulla
664 2219 848 2316 imagines,
867 2245 981 2316 neque
997 2219 1209 2318 triumphos,

225 2345 259 2432 “p
272 2359 332 2418 aut
349 2337 544 2412 consulatus
561 2336 735 2436 majorum
752 2363 915 2412 meorum
932 2340 1127 2427 ostentare;
1159 2361 1208 2431 at,

107 2440 112 2448 ’
226 2464 254 2500 “
274 2463 295 2532 fi
315 2483 367 2532 res
386 2459 547 2557 postulet,
573 2459 709 2550 hastas,
727 2445 915 2550 vexillum,
940 2460 1111 2558 phaleras,
1142 2462 1209 2536 alia

159 2658 163 2676 Ι
226 2579 435 2654 “militaria
467 2581 584 2666 dona3
632 2600 800 2677 praeterea
845 2580 1020 2654 cicatrices
1059 2580 1208 2656 advorso

225 2694 431 2798 “corpore
482 2703 555 2776 Hae
573 2699 651 2775 sunt
680 2727 767 2806 meae
786 2701 972 2801 imagines,
1001 2704 1078 2776 haec
1106 2703 1208 2776 nobi-

226 2829 254 2872 “
266 2823 364 2914 litas,
394 2849 466 2897 non
498 2823 700 2897 haeredirate
723 2822 853 2915 relicta,
883 2843 923 2896 ut
955 2823 1015 2896 illa
1045 2821 1126 2913 illis,
1150 2821 1209 2897 sed

151 3015 153 3021 s
218 2951 253 2986 ·“
273 2971 350 3042 quae
375 2970 444 3042 ego
467 2943 625 3042 plurimis
659 2943 837 3018 laboribus
865 2949 899 3016 u
929 2943 1092 3042 periculis
1112 2971 1208 3041 quae·

223 3072 252 3108 “
271 3065 342 3137 srvi.
394 3067 480 3137 Non
501 3061 579 3136 sunt
595 3069 786 3162 compofita
814 3065 923 3138 verba
944 3091 1046 3138 mea:
1079 3091 1207 3164 parum

222 3185 305 3258 “id
336 3183 448 3270 faci03
479 3182 551 3281 ipsa
569 3185 603 3257 se
631 3185 741 3260 virtus
763 3183 839 3259 satis
863 3185 1033 3260 ostendit:
1061 3187 1128 3260 illis
1149 3213 1205 3260 ar-

222 3315 250 3352 “
269 3303 379 3380 tificio
397 3331 485 3402 opus
503 3305 563 3396 est,
589 3305 639 3379 uti
657 3306 773 3403 turpia
790 3305 879 3380 fabia
897 3308 1053 3384 oratione
1071 3327 1204 3406 tegant.

221 3430 398 3525 “Neque
422 3425 552 3498 litteras
578 3429 715 3500 Graecas
737 3426 876 3500 didici:
903 3435 1029 3528 parum
1046 3431 1207 3526 placebat

174 3607 177 3624 .
220 3555 249 3644 ·“.
268 3575 323 3625 eas
337 3544 482 3636 discere,
513 3545 645 3645 quippe
662 3573 740 3644 quae
758 3549 803 3620 ad
820 3547 986 3622 virtutem
1002 3551 1206 3626 doctoribus

220 3668 248 3714 '“
267 3669 353 3742 nihil
370 3665 586 3769 profuerunt.
624 3671 675 3740 At
692 3667 751 3742 illa
768 3670 880 3742 multo
898 3691 1045 3768 optuma
1061 3671 1212 3769 reipub:

220 3799 248 3835 “
266 3789 341 3864 licae
368 3789 492 3876 doctus
518 3785 612 3861 sum:
646 3787 783 3864 hostem
810 3788 922 3882 ferire,
953 3792 1109 3891 praefidia
1129 3793 1203 3892 agi-
