2662 4686
361 385 717 480 'Juounrnnt
1016 391 1081 491 ἰὴ

102 562 283 661 Ligurum
312 554 477 635 curabat:
507 563 640 661 primos
666 567 889 640 &exsremos
913 579 995 639 cum
1019 593 1081 642 eir·¹

104 681 229 782 peditis
256 681 444 779 manipulis
472 683 630 758 tribunos
663 685 847 758 locaverat.
906 685 1079 789 Perfugae,
1154 775 1159 784 ἢ

103 805 261 878 minume
291 802 359 877 cari
389 807 423 876 &
452 805 638 902 regionum
672 805 904 895 scientissumi,
930 807 1083 882 hostium

102 927 166 999 iter
188 926 443 1022 explorabant:
483 929 582 999 simul
604 925 746 1018 Consul,
775 931 868 1025 quast
893 929 991 1001 nullo
1013 927 1080 1001 im-

103 1051 228 1146 posrt0‚
258 1043 377 1120 omnia
405 1047 612 1143 providere:
651 1049 745 1146 apud
771 1073 906 1121 xomnes
944 1048 1079 1122 adesset

102 1171 256 1258 laudare,
279 1167 458 1264 increpare
477 1167 652 1242 merentis.
702 1166 777 1267 Ipse
799 1188 951 1242 armatus
968 1168 1082 1243 interra

102 1289 240 1388 rusque,
266 1287 351 1362 item
368 1287 494 1361 milites
511 1292 683 1388 cogebat:
712 1313 826 1388 neque
842 1287 962 1380 secus,'
978 1310 1083 1390 atque

100 1410 165 1484 iter
194 1409 321 1501 facere,
353 1409 462 1484 castra
487 1409 636 1500 munire,
668 1410 874 1488 excubitum
902 1411 937 1483 in
967 1433 1083 1509 portas

103 1530 254 1606 cohortis
271 1529 319 1604 ertv
330 1529 540 1630 legionibus,
560 1555 625 1629 pro
642 1531 755 1604 castris
779 1531 911 1630 equites
938 1533 1083 1610 auxilia-

9 1703 10 1720 ι
104 1654 172 1728 rios
193 1654 344 1727 mittere.
393 1651 563 1726 Praeterea
579 1652 663 1741 alios
679 1650 781 1748 super
797 1653 930 1726 vallum
946 1656 983 1727 in
1001 1681 1080 1728 mua

103 1775 266 1852 nimentis
294 1776 421 1864 locate,
441 1773 577 1872 vigilias
594 1771 710 1870 ipse
681 1772 878 1864 cttcumite,
904 1799 976 1846 non
992 1775 1083 1848 diffi

9 1991 10 1994 Ἴ
101 1896 219 1971 dentia
235 1889 355 1986 futuri,
370 1921 450 1992 quae
463 1894 710 2030 imperavisset,
726 1919 834 1993 quant
852 1914 904 1967 uti
894 1893 1084 1969 militibus

9 2033 11 2070 ὲ
100 2038 303 2116 exaequatus
327 2043 411 2090 curn
432 1983 642 2113 imperatore
658 2016 755 2089 labos
773 2015 972 2089 volentibus
990 2017 1083 2090 esset.
1148 2033 1152 2040 '

9 2123 11 2176 l
103 2143 152 2213 Et
173 2137 254 2210 sane
271 2137 407 2212 Matius
424 2133 538 2210 illo&
571 2136 645 2210 aliis
669 2136 886 2235 temporibus
904 2138 986 2210 belli
1017 2164 1082 2236 pu-

9 2263 10 2274 ’
100 2255 187 2333 dote
211 2257 337 2358 magis,
365 2281 473 2357 quam
501 2261 610 2348 mab,
638 2239 831 2332 exercitum
852 2289 853 2296 ¹
874 2261 1081 2333 coercebat:

102 2379 201 2479 quod
226 2379 328 2453 multi
357 2381 418 2478 per
452 2379 681 2455 ambitionem
705 2381 781 2454 fieri
808 2369 945 2479 ajebant
957 2409 968 2466 ;
1004 2401 1085 2478 pars

101 2501 237 2601 quoda
260 2501 405 2600 pueritia
420 2501 621 2576 consuetam
637 2501 815 2592 duritiam,
842 2505 876 2574 δι
894 2500 972 2590 alia,
1005 2521 1085 2599 quae

101 2623 204 2696 ceteri
227 2621 376 2701 miserias
398 2639 540 2713 vocant,
570 2623 743 2720 voluptati
773 2621 956 2694 habuisset.
1007 2622 1085 2696 Nili

100 2734 217 2818 tamen
246 2770 306 2818 tes
334 2745 476 2842 publica
501 2745 642 2841 pariter,
677 2767 717 2815 ac
747 2739 941 2816 saevissumo
970 2741 1082 2839 irnpe-

101 2865 163 2958 ri0,
197 2869 289 2941 bene
316 2886 421 2964 atque
445 2867 574 2938 decore
600 2863 706 2962 gesta.

9 2979 10 3074 s
158 2987 220 3058 CI.
257 2988 401 3059 lemur
430 3005 553 3084 quarto
578 2984 730 3083 denique
752 2983 823 3075 die,
857 2984 952 3058 haud
978 2981 1086 3085 longe

9 3173 10 3178 ,
100 3109 142 3180 ab
172 3106 308 3204 oppido
337 3107 434 3180 Cirta
461 3104 618 3204 undique
647 3107 747 3178 fimul
777 3104 1007 3202 speculatores
1024 3097 1114 3181 citi

9 3263 10 3312 3
100 3225 166 3301 sele
182 3225 395 3300 ostendunt:
424 3253 494 3325 qua
517 3253 554 3300 re
585 3225 693 3299 hostis
721 3229 839 3300 adesse
856 3227 1081 3328 intellegitur.

9 3353 11 3444 f
102 3349 168 3420 Sed
187 3347 269 3445 q'uia
286 3348 412 3422 divorst
430 3349 625 3438 redeuntes,
645 3347 729 3420 alius
746 3351 791 3422 ab
808 3346 874 3422 alia
892 3369 1004 3446 parte,
1029 3365 1081 3419 at·
1160 3407 1167 3426 ,

9 3461 10 3488 ’
95 3492 171 3564 que
203 3493 326 3542 omnes
351 3467 447 3541 idern
466 3469 730 3566 fignificabant3
762 3468 891 3543 Consul
919 3469 1082 3557 incertus,
1183 3465 1208 3565 '⁴

9 3673 10 3676 Ἴ
101 3613 257 3684 quonam
275 3589 383 3662 modo
400 3587 512 3661 aciem
528 3589 722 3678 inst-rueret,
738 3590 835 3662 nullo
852 3587 972 3662 ordine
987 3612 1085 3661 com·

9 3693 10 3696 ¹
99 3725 252 3798 rnutat0,
266 3707 451 3782 advorsum
461 3708 580 3782 omnia
592 3729 741 3806 paratus,
750 3709 884 3782 ibidem
897 3705 1086 3804 opperitur.

9 3827 10 3856 ³
100 3828 154 3902 lta
166 3831 382 3928 jugurtham
398 3828 472 3930 spes
490 3829 660 3920 frustrata,
681 3827 743 3928 qui
758 3827 875 3932 'copias
888 3828 924 3902 in
938 3833 1096 3927 quatuor·

538 3952 584 4024 M
602 3976 622 4046 3
