2664 4692
328 388 678 470 F-nsosrnurn.
728 387 820 509 Lus.
846 387 908 460 VI.
1032 413 1103 488 229

174 556 384 656 Hispaniam
402 557 463 635 fibi
478 558 657 659 antiquam
675 559 822 658 patriam
840 561 918 634 esse.
967 561 1065 634 Idem.

172 679 308 776 Lyeiae,
326 679 532 778 Pisrdiaeque
550 705 653 779 agros
671 679 943 778 despedsantem.
993 683 1092 757 Idem.

173 801 271 872 Sorte
288 801 412 874 dudos
428 797 507 873 susti
523 821 635 874 necat.
685 803 783 877 Idem.

173 921 300 994 Omnis
325 920 424 994 Italia
451 922 570 994 cosdra
595 920 632 993 in
660 921 832 1020 angustias
865 921 1031 994 scinditur
1069 917 1106 994 in

121 1041 198 1115 duo
217 1040 468 1138 promontoria,
486 1040 672 1131 Bruttium,
693 1042 969 1116 &Salentinum
1006 1041 1105 1112 Idem.

174 1162 274 1236 Italia
290 1165 393 1260 plana
410 1187 450 1236 ac
469 1162 596 1238 mollis.
644 1163 742 1233 Idem.

173 1287 256 1381 Qa
283 1283 482 1380 tempestate
508 1309 553 1356 ex
579 1285 696 1355 Ponto
721 1281 781 1355 1vis
804 1281 954 1357 Piscium
978 1279 1104 1378 erupit.

124 1403 213 1476 Idem
242 1405 282 1476 sd
307 1405 485 1498 Scholiasta
516 1403 699 1494 Juvenalis.

174 1523 340 1598 Introrsus
359 1524 472 1622 prima
486 1528 576 1596 Asrae
593 1522 753 1618 Bithynia
769 1523 832 1612 est,
861 1523 981 1597 multis
1005 1543 1106 1598 antea

126 1643 326 1719 nominibus
343 1645 526 1742 appellata.
552 1642 628 1741 Ipsa
645 1631 740 1716 enim
758 1643 805 1716 est
824 1641 981 1739 &major
993 1645 1104 1742 Phry·
1244 1666 1249 1674 ’

127 1765 194 1864 gia.
245 1767 390 1837 Servius.
648 1774 652 1782 “

173 1886 241 1958 Sed
267 1884 491 1958 Mithridates
518 1905 677 1958 extrema
706 1883 852 1981 pueritia
878 1909 1027 1983 regnum
1051 1883 1104 1957 in·

128 2007 270 2104 gressus,
288 2008 399 2080 matre
416 2031 554 2078 veneno
571 2003 762 2081 interfeoa.
812 2006 910 2078 Idem.

176 2125 380 2200 Exercitum
404 2107 547 2200 vertere.
592 2127 690 2198 Idem.

177 2245 278 2320 Creta
305 2246 406 2320 altior
433 2247 493 2338 est,
532 2241 603 2345 qua
629 2266 724 2344 parte
751 2245 878 2344 spedtat
907 2245 1103 2346 Orientem.

105 2365 223 2442 Idem.

173 2492 217 2564 se
244 2488 386 2588 regibus
412 2491 602 2580 devovent,
634 2494 668 2562 δι
694 2489 770 2586 post
794 2515 853 2564 eos
876 2489 988 2564 vitam
1012 2489 1132 2564 refu.

127 2627 222 2684 tant:
255 2611 343 2682 adeo
360 2609 427 2682 illis
451 2609 604 2708 ingenita
628 2609 677 2684 est
698 2609 854 2684 sanditas
881 2608 970 2708 regii
991 2611 1105 2684 nomi-

127 2731 189 2806 nis.
215 2723 316 2820 Idem,
342 2731 382 2804 sd
408 2731 641 2832 Philargyrius.

173 2855 274 2926 Dum
303 2843 444 2925 inferior
472 2850 569 2924 omni
595 2848 650 2922 via
684 2853 898 2948 grassaretur.
946 2847 1108 2940 Johannes

129 2973 304 3046 Grammat.

174 3096 345 3168 Narbone
362 3091 501 3199 confilia
517 3094 712 3166 Gallorum.
759 3094 925 3191 Pompeius
950 3097 983 3165 in
1006 3108 1108 3168 artem

131 3214 262 3286 Donati.
334 3270 337 3280 .

174 3335 259 3408 Post
275 3333 508 3410 desedionem
524 3333 697 3416 sociorum
730 3335 894 3414 &Latii
944 3335 1105 3424 Donatus,

79 3526 83 3544 ,
128 3455 264 3551 Adelph.
287 3481 354 3528 111.
372 3482 408 3547 4.

177 3576 237 3648 Ad
255 3575 353 3668 Jovis
372 3578 538 3652 mandem
555 3575 678 3650 nostra.
729 3577 814 3648 Idem
837 3601 890 3648 ιν.
910 3601 944 3646 2.
993 3609 995 3614 v

177 3695 303 3768 Morbi
333 3721 455 3793 graves
472 3697 519 3770 ob
537 3696 690 3786 inediam
717 3695 851 3775 insolita
877 3693 1106 3771 vescentibus
1238 3708 1245 3719 ’

13 3783 14 3786 ¹
133 3813 229 3890 Idem.
279 3815 394 3916 Hecyr.
415 3843 532 3890 111.2.
861 3881 866 3891 .

605 3939 693 4034 (λε
806 3991 812 4007 κ
