2664 4692
217 341 295 422 254
527 315 977 398 nnocnunan
1066 315 1073 329 '

217 491 469 596 voticoalescat.
484 499 552 572 Sed
562 499 681 572 multo
690 519 902 602 manumurn
912 499 1049 572 bouum
1061 495 1201 602 patriae,

213 622 365 714 civibus,
393 621 474 712 tibi,
502 619 633 710 liberis,
682 620 859 718 postremo
901 621 1067 694 numana
1098 623 1202 722 genti

215 743 401 842 pepereris,
434 746 457 818 fi
485 741 639 816 studium
657 742 814 840 pecuniae
831 761 890 816 ant
906 735 1090 832 sustuleris,
1121 763 1197 834 aut,

124 935 127 940 .
215 865 313 962 quod
339 883 393 936 res
415 859 514 951 feret,
540 861 719 938 minueris.
770 863 899 955 Aliter,
927 885 1043 962 neque
1064 863 1202 962 privata

215 1005 284 1074 res,
303 1007 417 1084 neque
440 984 595 1082 publiea,
624 1007 739 1084 neque
766 985 880 1075 domi,
911 1009 1027 1084 neque
1048 983 1203 1078 nnilitiae,

215 1106 291 1206 regi
320 1105 446 1205 potest.
495 1107 592 1180 Nam
613 1105 673 1180 ubi
691 1105 823 1206 cupido
841 1103 1043 1180 divitiarum
1060 1105 1200 1194 invasit,

216 1249 333 1326 aeque
354 1224 547 1324 disciplina,
577 1247 693 1326 neque
709 1247 797 1300 artes
813 1227 930 1318 bonae,
956 1247 1073 1325 neque
1098 1226 1204 1327 ingo

137 1419 139 1424 .
214 1347 316 1424 nium
332 1348 445 1422 ul'lutn
463 1340 540 1422 satis
557 1350 689 1446 polletr
722 1348 807 1447 quin
832 1347 973 1423 animus
986 1346 1112 1446 magia,
1138 1367 1201 1422 aut

215 1467 332 1550 minus
349 1489 497 1560 mature,
522 1467 700 1568 postremo
717 1489 835 1543 tamen
852 1467 1060 1543 succumbit.
1100 1467 1202 1568 Saepe

210 1588 288 1691 jann
304 1589 438 1681 audivi,
457 1587 521 1688 qui
541 1613 654 1702 reges,
681 1613 761 1690 quae
774 1590 945 1680 civitates,
968 1595 1002 1664 δι’
1025 1589 1218 1690 nationes,

215 1735 280 1812 per
305 1699 524 1810 opulentiam
552 1735 683 1811 n..·-gno
709 1710 859 1810 imperia
890 1702 1078 1802 amiserint,
1118 1731 1200 1812 qpae

217 1855 281 1932 per
294 1833 461 1908 virtutem
479 1832 600 1932 inopes
617 1850 802 1930 ceperant:
827 1831 865 1905 id
892 1834 981 1907 adeo
1005 1829 1102 1907 haud
1129 1832 1198 1906 nni»

217 1956 369 2029 randum
386 1953 447 2030 est.
496 1955 595 2028 Nam
611 1953 674 2028 ubi
691 1955 805 2028 bonus
834 1952 1040 2028 deteriorem
1065 1953 1206 2027 divitiie
1223 1965 1234 1988 ’·

216 2074 331 2173 magis
347 2077 496 2165 clarum,
528 2074 710 2174 magisque
740 2095 924 2173 acceptum
952 2074 1061 2165 videt,
1083 2074 1202 2172 primo
1229 2057 1233 2070 ⁵

217 2196 353 2286 aestuat,
378 2185 564 2294 multaque¹
576 2196 612 2268 in
630 2197 770 2293 pectore
787 2195 901 2270 voluit
913 2223 922 2269 :
948 2186 1007 2268 sed
1028 2194 1091 2268 ubi
1118 2196 1198 2293 glo·

216 2315 270 2390 ria
296 2317 469 2390 honorem
497 2315 611 2416 magis
638 2315 674 2389 in
702 2316 791 2406 dies,
821 2317 989 2390 virtutem
1016 2311 1202 2414 opulentia

217 2435 354 2523 vincit3
390 2436 527 2510 animus
565 2437 611 2512 ad
643 2415 861 2535 voluptatein
900 2458 924 2510 a
954 2455 1038 2510 vero
1063 2435 1202 2510 deficit.

216 2557 364 2658 Qrippc
381 2558 492 2658 gloria
508 2558 675 2632 industria
691 2558 816 2645 alitur3
840 2557 902 2632 ubi
918 2579 998 2632 earn
1018 2555 1205 2648 demseris,

215 2675 290 2778 ipsa
305 2701 367 2779 per
383 2678 416 2753 se
433 2681 543 2755 virtus
560 2706 678 2754 amara
693 2697 799 2778 atque
815 2678 931 2776 aspera
947 2677 1008 2752 est.
1058 2677 1198 2752 Postre-

214 2827 278 2876 mo
302 2801 365 2876 ubi
394 2801 525 2877 divitiae
554 2802 654 2875 clarae
668 2801 851 2892 habentur,
880 2799 930 2874 ibi
954 2795 1075 2873 omnia
1103 2801 1205 2874 bona

216 2921 299 2995 vilia
315 2916 407 3014 sunt,
425 2925 525 3014 fides,
544 2921 709 3021 probitaS,
736 2921 862 3020 pudor,
893 2919 1074 3019 pudicitia.
1099 2921 1203 2994 Nann

216 3042 264 3115 ad
291 3041 456 3117 virtutem
484 3047 606 3134 una&
624 3045 731 3117 ardua
748 3041 806 3116 via
823 3042 894 3116 est:
924 3043 973 3116 ad
994 3039 1200 3139 pecuniam,

216 3186 287 3262 qua
303 3161 432 3260 cuique
448 3165 559 3253 lubet,
580 3163 721 3237 nititur:
753 3167 787 3237 dc
806 3161 906 3236 malis
925 3167 958 3236 δι
976 3161 1079 3236 bonis
1093 3164 1200 3236 rebus·

216 3311 258 3360 ea
285 3303 430 3357 creatur.
453 3290 455 3298 ’
488 3287 586 3382 Ergo
610 3283 648 3356 in
678 3284 798 3382 primis
825 3284 1066 3358 anctoritatem
1089 3303 1203 3382 pecu·-

217 3405 329 3481 cuniae
345 3404 501 3478 demito:
534 3429 649 3502 neque
665 3406 710 3478 de
727 3404 853 3504 capite,
871 3429 987 3504 neque
1004 3407 1050 3478 dc
1065 3407 1204 3478 honore
1325 3501 1328 3520 .

115 3520 121 3534 ‘
215 3552 261 3632 ex
278 3527 389 3626 copiis
406 3526 589 3627 quisquam
607 3526 720 3624 magis
738 3547 799 3600 aut
821 3527 937 3600 minus
956 3525 1200 3626 judicaverita

134 3691 136 3696 .
216 3643 240 3722 sr
270 3675 385 3748 neque
416 3669 555 3746 praetor,
585 3671 700 3745 neque
716 3647 835 3722 consul
851 3669 896 3722 ex
913 3647 1106 3744 opulentia,
1136 3667 1200 3720 ve·

217 3791 296 3844 rum
323 3795 368 3844 ex
390 3770 559 3878 dignitate
583 3788 726 3844 creetur.
775 3765 843 3844 Sed
859 3768 904 3843 de
920 3764 1204 3866 magistratu-saa
