2672 4682
216 309 263 382 14
423 276 1013 364 C.Cn.1,sr18aar.usrtr

209 459 417 559 imparatam
435 457 698 558 rempublicam,
727 435 855 554 magna
871 455 1012 554 praemia
1027 452 1194 554 conjura-

210 581 313 656 tionis
330 583 466 656 docere.
515 578 588 652 Ubi
610 573 685 650 saris
701 577 882 673 explorata
898 575 989 667 sunt,
1017 599 1096 674 qua
1121 599 1194 652 vo·

209 702 301 790 luit;
332 695 368 776 in
389 725 498 776 unum
514 698 627 772 omnis
645 718 831 788 convocat,
862 697 989 795 quibus
1017 721 1194 774 maxuma

211 823 431 912 necellrtudo,
461 825 494 894 tc
523 819 712 915 plurimum
738 817 903 894 audaciae.
965 821 1020 892 Eo
1054 844 1191 894 conve-

210 971 292 1020 nere
310 940 472 1019 Senatorii
496 939 626 1014 ordinis
651 941 691 1011 Ρ.
719 939 893 1012 Lentulus
915 940 1012 1030 Sura,
1036 942 1077 1014 P.
1107 943 1191 1016 Au.

209 1066 354 1153 tronius,
376 1063 422 1134 L.
440 1061 568 1134 Caffius
585 1059 786 1158 Longinus,
814 1061 855 1132 C.
873 1060 1064 1158 Cethegus,
1085 1063 1128 1136 P.
1149 1065 1189 1136 ὅτ

207 1186 345 1263 Servius
361 1183 479 1271 Sulla,
498 1179 604 1252 Servii
623 1179 698 1270 filii,
717 1180 763 1254 L.
781 1179 1027 1277 Vargunteius,
1042 1182 1186 1278 QAn-

206 1308 297 1396 niu's,
327 1307 382 1378 M.
407 1300 550 1374 Porcius
568 1303 698 1390 Lacu,
733 1304 779 1374 L.
803 1300 927 1389 Bestia,
955 1303 1012 1398 Q
1027 1301 1183 1376 Curius:

207 1445 371 1527 praeterea
399 1447 443 1496 ex
476 1419 623 1519 equestri
648 1421 771 1495 ordine
793 1425 849 1495 M.
872 1420 1018 1496 Fulvius
1039 1421 1185 1498 Nobili-

205 1573 259 1638 or,
286 1547 331 1618 L.
344 1541 506 1634 Statilius,
526 1543 566 1614 P.
579 1542 751 1616 Gabinius
764 1542 909 1640 Capito,
922 1543 964 1616 C.
974 1541 1181 1618 Cornelius:

205 1668 318 1754 adhoc
336 1661 438 1737 multi
453 1687 498 1735 ex
516 1663 659 1736 coloniis
693 1668 727 1736 δι’
760 1663 969 1761 municipiis,
994 1661 1093 1736 domi
1116 1642 1183 1738 nd·
1229 1762 1231 1772 Ι
1323 1743 1324 1766 ἦ

205 1785 302 1864 biles.
354 1787 462 1859 Erant
480 1804 643 1881 preterea
672 1786 867 1881 complures
885 1785 1009 1882 paullo
1035 1784 1183 1858 occulti*-

203 1939 245 1985 us
270 1905 399 1984 confilii
416 1902 555 2003 hujusce
573 1904 758 2002 participes
776 1905 922 1996 nobiles,
953 1931 1042 2003 quos
1068 1905 1183 2001 magis

204 2025 450 2105 dominationis
473 2025 547 2123 spes
581 2027 796 2116 hortabatur,
828 2053 934 2122 quam
955 2025 1086 2126 inopia,
1110 2049 1184 2128 saut

203 2151 268 2224 alia
283 2147 505 2222 necessitudo.
556 2146 723 2218 Ceterum
733 2142 899 2243 juventus
916 2149 1093 2246 pleraque,
1122 2146 1183 2223 sed
1271 2174 1276 2186 ‘

202 2293 369 2346 maxume
407 2265 594 2356 nobilium,
639 2265 797 2340 Catilinae
842 2266 989 2362 inceptis
1018 2266 1181 2358 favebat.

202 2390 340 2490 Qribus
353 2388 390 2460 in
402 2386 474 2460 otio
498 2389 555 2460 vel
573 2387 772 2484 magnifice,
801 2389 858 2460 vel
886 2387 1040 2461 molliter
1062 2387 1180 2464 vivere

202 2509 306 2609 copia
319 2529 403 2600 erat,
434 2507 563 2580 incerta
586 2533 651 2604 pro
672 2506 786 2599 certis,
814 2511 962 2600 bellum,
987 2535 1095 2610 quarn
1117 2535 1179 2607 pa-

200 2657 292 2723 cem,
322 2631 510 2703 malebant.
560 2629 670 2702 Fuere
697 2627 783 2702 item
810 2655 850 2702 ea
876 2630 1094 2726 tempestate,
1117 2633 1181 2731 qui

201 2751 375 2828 crederent
391 2751 449 2823 M.
466 2747 647 2823 Licinium
665 2750 821 2824 Craffum
838 2777 910 2822 non
928 2750 1091 2850 ignarum
1108 2751 1181 2851 ejus

199 2871 331 2948 consilii
361 2869 481 2957 fuiffe;
521 2869 603 2968 quia
632 2871 699 2943 Cn.
740 2871 931 2971 Pompeius
959 2871 1087 2947 invisus
1115 2873 1178 2970 ipfi

198 3016 371 3090 magnum
394 2991 588 3064 exercitum
611 2991 801 3078 dudabat5
834 2990 980 3090 cujusvis
995 3020 1079 3090 opes
1112 3019 1177 3068 vo-

198 3112 295 3186 luisse
333 3132 454 3184 contra
492 3110 583 3184 illius
615 3114 808 3214 potentiam
849 3111 1024 3187 crescere:
1077 3117 1178 3190 simul

197 3231 382 3324 confisum,
410 3231 640 3332 liconjuratio
668 3234 839 3326 valuisset,
867 3233 969 3310 facile
988 3238 1083 3332 apud
1098 3235 1176 3310 illos

171 3351 392 3451 principem
416 3352 449 3426 se
475 3352 558 3426 fore.
649 3419 651 3424 .

243 3473 376 3546 XVlll.
401 3475 477 3546 Sao
495 3475 596 3548 antea
618 3475 942 3576 item'conjuravere
958 3475 1061 3572 pauci
1089 3501 1175 3550 con-

134 3587 142 3656 ’.
194 3615 246 3666 tra
271 3593 541 3690 rempublicam,
575 3595 611 3669 in
639 3595 765 3695 quibus
794 3596 953 3672 Catilina.
1015 3597 1072 3668 De
1105 3623 1186 3695 qua,

195 3739 301 3812 quam
327 3715 511 3790 veriffume
540 3737 662 3815 potero
691 3701 822 3793 dicam.
881 3719 927 3790 L.
950 3716 1074 3808 Tullo,
1114 3721 1171 3794 M.
