2664 4692
224 373 295 448 252
542 349 983 426 AuC.CmsAnnnr

223 525 357 600 seceffio
389 525 478 601 fnit:
510 527 713 626 semperque
730 523 922 601 nobilitatis
940 551 1023 624 opes
1040 515 1205 600 deminu-

223 665 268 720 tae
286 645 376 738 sunt,
409 647 512 746 &jus
530 649 652 746 populi
670 647 938 745 amplificatum.
987 647 1055 720 Sed
1084 650 1206 745 plebes

222 795 266 844 eo
284 769 391 844 libere
410 769 585 868 agitabat3
612 767 695 866 quia
712 769 841 874 nullius
857 768 1010 866 potentia
1027 766 1129 864 super
1155 769 1205 839 le·

221 915 283 990 ges
300 911 394 976 erat3
431 915 545 988 neque
561 890 704 982 divitiis,
733 911 791 963 aut
823 888 992 987 superbia,
1028 887 1088 962 sed
1109 889 1206 962 bona

172 1084 175 1093 ,
221 1008 328 1100 sama,
346 1007 512 1108 laetisque
528 1008 673 1084 fortibus
684 1011 809 1084 nobilis
826 1010 1017 1110 ignobilem
1034 1001 1202 1082 anteibat:

221 1132 439 1206 humillimus
458 1131 604 1229 quisque
620 1132 656 1204 in
687 1132 804 1221 armis,
834 1151 893 1204 aut
919 1131 1055 1219 militia,
1074 1130 1205 1203 nullius

220 1253 371 1328 honesta
389 1252 435 1324 rei
452 1277 571 1350 egens,
601 1249 678 1325 satis
698 1253 772 1342 fibi,
801 1251 946 1350 satisque
973 1251 1091 1350 patriae
1118 1269 1204 1326 erat.

219 1374 287 1446 Sed
305 1373 366 1445 ubi
393 1397 452 1445 eos
470 1372 649 1468 paullatim
684 1371 844 1470 expulsos
872 1372 979 1471 agris,
1005 1371 1128 1464 inertia
1152 1391 1205 1444 at-

220 1519 291 1592 que
309 1494 427 1590 inopia
444 1493 589 1566 incertas
623 1495 748 1566 domos
780 1480 908 1568 habere
935 1491 1097 1590 subegit:
1128 1519 1204 1566 coe-

222 1641 304 1714 pere
322 1615 449 1689 alienas
466 1641 550 1712 opes
567 1635 694 1712 petere,
713 1615 906 1688 libertatem
923 1612 1020 1687 suam
1042 1639 1126 1686 cum
1151 1639 1206 1686 re·

200 1715 362 1836 'publica
391 1738 552 1810 venalem
577 1739 715 1809 habere.
766 1738 819 1818 Ita
837 1735 1015 1832 paullatim
1035 1711 1206 1831 populus,

221 1858 283 1957 qui
299 1857 466 1934 dominus
481 1877 564 1946 erat,
579 1861 612 1930 δε
629 1858 763 1930 cunetis
782 1856 944 1954 gentibus
962 1853 1204 1951 imperitabat,

220 1977 371 2076 dilapsus
388 1977 458 2052 est:
485 1983 519 2051 δε
549 2003 612 2075 pro
635 1977 815 2050 communi
843 1975 1003 2073 imperio,
1035 1973 1205 2070 privatim

220 2097 282 2172 fibi
300 2095 446 2197 quisque
462 2096 660 2171 servitutem
680 2097 824 2195 peperit.
874 2099 967 2171 Haec
985 2094 1091 2193 igitur
1108 2098 1203 2169 mul·

220 2219 335 2292 titudo
353 2219 507 2316 primum
531 2219 631 2294 malis
663 2211 820 2292 ¹moribus
838 2216 989 2306 imbuta,
1024 2215 1153 2289 deinde
1168 2215 1206 2289 in

220 2358 321 2429 artes,
341 2337 494 2437 vitasque
512 2337 624 2411 varias
642 2337 820 2435 dispalata‚
851 2337 949 2410 nullo
975 2339 1085 2410 modo
1114 2335 1207 2410 inter

218 2457 252 2532 se
270 2483 477 2556 congruens,
498 2467 623 2557 parum
640 2457 727 2530 mihi
746 2457 890 2556 quidem
904 2457 1034 2530 'idonea
1056 2456 1203 2530 videtur

220 2583 264 2656 ad
294 2580 537 2678 eapeffendam
555 2581 731 2678 rempubl.
781 2571 962 2668 Ceterum,
985 2575 1112 2651 additis
1139 2604 1204 2652 no-

219 2702 272 2778 vis
288 2702 438 2792 civibus,
454 2727 583 2800 magna
601 2725 658 2773 me
674 2693 750 2797 spes
766 2719 872 2789 tenet,
891 2697 979 2789 fore,
1008 2717 1048 2771 ut
1076 2723 1201 2772 omnes

218 2821 502 2921 expergiscantur
527 2824 572 2895 ad
598 2822 818 2895 libertatem:
857 2819 991 2918 quippe
1023 2845 1106 2893 cum
1133 2819 1203 2894 illis

140 3021 142 3026 ,
218 2944 385 3024 libertatis
401 2943 602 3031 retinenda,
626 2962 702 3015 tum
725 2942 778 3014 his
810 2939 981 3022 servitutis
998 2941 1201 3015 amittendae

220 3088 302 3138 cura
329 3063 468 3136 orietur.
519 3066 615 3152 Hos,
642 3087 710 3160 ego
734 3061 868 3151 censen,
902 3061 1093 3160 permixtos
1117 3089 1201 3136 cum

218 3183 533 3272 veteribus'novoa
552 3183 588 3254 in
606 3181 751 3258 coloniis
768 3180 978 3266 constituas:
1003 3182 1050 3255 ita
1086 3188 1119 3256 ὅτ
1148 3209 1202 3256 res

202 3305 373 3384 ¹militaris
399 3302 598 3401 opulentior
615 3301 692 3392 erit,
725 3306 758 3374 ὅτ
790 3304 909 3399 plebes
927 3302 1027 3377 bonis
1044 3302 1197 3401 negotiis

217 3427 387 3527 impedita
405 3425 537 3498 malum
555 3414 736 3520 publicum
754 3417 865 3497 facere
885 3426 1026 3497 definet.

142 3641 146 3648 1
266 3551 333 3623 Sed
352 3573 422 3622 non
439 3543 576 3634 inscius,
607 3569 722 3640 neque
745 3543 947 3640 imprudens
963 3541 1041 3628 sum
1056 3569 1143 3616 cum
1160 3569 1201 3618 ea

217 3695 269 3745 res
287 3689 423 3768 agetur,
441 3693 520 3764 quae
538 3665 678 3755 latitia,
709 3691 859 3764 quaeque
887 3663 1110 3762 tempestates
1132 3667 1198 3738 ho·

218 3789 356 3869 minum
385 3787 560 3871 nobilium
590 3783 714 3882 futurae
744 3792 819 3882 sint,
848 3815 932 3872 eum
957 3786 1199 3897 indignabum
