2662 4686
233 369 283 444 92
436 340 478 413 C.
511 339 701 412 Ctttst’t
734 333 1042 406 Suttusrtt

237 518 394 619 potentia
410 515 540 604 Scauri,
569 511 666 611 quod
699 509 727 582 is
761 509 881 587 aussor
909 510 942 580 ὅτ
971 503 1082 579 socius
1096 503 1221 584 Bestia

237 641 423 728 serebatur,
447 665 468 710 a
485 660 579 723 ver0,
598 635 693 704 bono
711 631 937 728 impediebat.
965 631 1016 701 At
1034 629 1076 700 C.
1095 630 1220 700 Mem-

237 761 343 852 mius,
376 757 470 857 cujus
497 757 542 849 de
565 753 725 828 libertate
749 750 881 849 ingenii
899 755 932 824 δι
951 749 1036 824 odio
1053 727 1220 846 potenliae

238 879 426 962 nobilitatis
458 873 558 972 supra
583 874 751 964 diximus,
782 874 870 946 inter
898 870 1155 946 dubitationem
1187 876 1220 944 &

238 1030 350 1080 moras
369 997 497 1086 Senati,
529 995 757 1074 concionibus
778 995 950 1092 populum
973 993 1017 1065 ad
1035 990 1221 1064 vindicari.

237 1127 326 1198 dum
358 1116 514 1191 hortari:
545 1141 700 1206 monere,
730 1141 776 1188 ne
803 1113 1073 1211 rempublicam,
1102 1139 1147 1186 ne
1180 1112 1223 1186 li.

241 1249 411 1320 bertatem
444 1237 540 1316 suam
567 1237 783 1311 desererent:
818 1238 928 1308 multa
956 1233 1117 1332 superba,
1144 1261 1224 1308 cru-

237 1361 327 1436 delia
343 1358 496 1436 facinora
514 1357 704 1433 nobilitatis
722 1351 925 1434 ostendere:
954 1355 1088 1455 prorsus
1107 1354 1222 1427 inten-
1319 1368 1320 1382 ¹

237 1505 292 1556 tus
309 1479 407 1553 omni
437 1477 546 1554 modo
574 1481 687 1577 plebis
704 1479 862 1554 animum
881 1479 1105 1552 accendebat.
1155 1477 1225 1549 Sed

239 1600 405 1700 quoniam
433 1625 473 1674 ea
502 1600 707 1697 tempestate
736 1599 904 1674 Memmii
941 1597 1104 1672 facundia
1131 1599 1226 1674 clara

239 1707 442 1820 pollensque
459 1721 525 1794 suit
540 1749 550 1806 3
576 1722 700 1792 decere
717 1703 941 1810 existumavi,
966 1746 1075 1792 unam
1092 1746 1137 1794 ex
1150 1739 1225 1798 tam

238 1841 357 1914 multis
397 1841 592 1914 orationem
622 1838 856 1938 perscribere:
896 1867 936 1913 ac
977 1837 1223 1938 potissumum,

239 1987 317 2060 quae
335 1961 370 2033 in
389 1962 558 2036 concione
578 1960 654 2059 post
672 1961 825 2034 reditum
845 1961 964 2035 Bestiae
985 1958 1228 2060 hujuscemodi

240 2080 355 2156 verbis
381 2080 545 2154 differuit.

288 2203 429 2276 XXXI.
457 2208 484 2244 “
502 2205 658 2275 Murra
684 2203 908 2275 dehortantur
925 2229 945 2274 a
963 2203 1078 2294 vobis,
1105 2201 1226 2302 Qtiri·

136 2307 137 2315 ἵ
241 2330 268 2367 “
287 2341 351 2411 tes,
371 2321 407 2393 ni
427 2320 581 2393 studium
600 2318 801 2417 reipublicae
820 2323 939 2396 onmia
957 2321 1111 2420 superet:
1141 2349 1226 2421 opes

240 2441 459 2536 “lasliouis
486 2441 596 2514 vestra
613 2441 791 2538 patientia,
815 2441 872 2541 jus
890 2445 1050 2536 nullum3
1078 2469 1119 2516 ac
1152 2470 1226 2517 ma-

241 2571 268 2610 “
288 2589 410 2653 xume,
445 2565 543 2661 quod
576 2562 786 2636 innocentiae
822 2566 899 2660 plus
930 2564 1088 2662 periculi,
1117 2591 1227 2663 quarn

241 2692 269 2729 “
289 2683 443 2774 honoris,
471 2684 532 2758 est.
581 2685 678 2758 Nam
708 2685 767 2759 illa
797 2685 943 2783 quidem
972 2685 1069 2784 piget
1096 2686 1227 2775 dicere,

243 2807 342 2880 “his
371 2805 469 2880 annis
496 2831 560 2882 xv.
589 2831 697 2904 quam
723 2807 879 2918 ⁸ludibrio
908 2804 1037 2880 fueritis
1061 2805 1229 2905 superbiae

242 2935 270 2972 “
289 2918 504 3025 paucorum
537 2953 645 3024 quam
672 2926 768 3000 foede
796 2954 974 3026 quamque
995 2928 1098 3001 inulti
1116 2922 1248 3025 perie-¹

222 3054 272 3090 '“
292 3048 360 3119 rint
377 3048 477 3120 vestri
495 3047 709 3135 defensores;
737 3068 776 3122 ut
794 3033 894 3122 vobis
912 3049 1048 3122 animus
1066 3050 1111 3121 ab
1127 3048 1228 3145 igna-

244 3169 349 3240 “via
370 3187 476 3265 atque
501 3167 655 3242 secordia
682 3190 864 3266 corruptus
895 3174 957 3243 fit:
986 3170 1047 3268 qui
1073 3196 1117 3243 ne
1135 3195 1231 3242 nuno

245 3297 273 3334 “
292 3288 451 3400 quidem,
493 3287 655 3362 obnoxiis
688 3289 852 3382 inimicis,
896 3289 1095 3389 exsurgitis,
1126 3309 1233 3388 atque

245 3411 400 3485 “etiam
429 3435 524 3482 nunc
550 3409 694 3500 timetis,
721 3410 849 3508 quibus
874 3414 974 3485 decet
1003 3409 1124 3483 terrori
1152 3413 1232 3483 effe.

245 3541 273 3578 “
292 3536 360 3607 Sed
379 3557 596 3629 quamquam
614 3533 691 3604 haec
711 3531 793 3606 talia
820 3531 922 3606 sunt:
950 3531 1069 3604 t'amen
1086 3529 1233 3605 obviam

172 3680 175 3684 ·
247 3661 275 3753 ‘x‘
294 3653 342 3726 ire
375 3651 533 3726 sessionis
566 3653 732 3750 potentiae
768 3653 906 3726 animus
938 3650 1079 3749 subigit.
1130 3653 1235 3724 Certe

246 3779 275 3826 “
293 3800 361 3884 ego
379 3775 590 3867 libertatem,
618 3801 697 3874 quae
717 3774 804 3858 mihi
820 3800 841 3846 a
858 3792 997 3875 parente
1020 3771 1145 3853 tradita
1168 3771 1234 3868 est,
