2668 4698
123 400 294 473 Couana
312 394 480 468 Lucrum
498 391 678 464 Seuerum
696 389 949 462 Cartiman.
1001 373 1071 484 305

94 557 175 652 (nist
205 564 239 632 δε
268 553 363 634 idem
380 561 627 658 cupiditatibus
653 561 895 654 obtemperare
924 553 1072 627 consue--

94 677 214 774 visset)
241 680 473 756 calamitosam
491 681 566 771 fibi,
587 707 627 754 ac
644 679 763 753 multis
778 678 815 750 in
831 678 917 750 urbe
934 672 1070 747 seditio-

96 823 178 870 nem
211 800 395 873 exeitaffe:
431 797 531 899 cujus
559 801 681 898 infigni
709 797 935 872 familiaritate
969 813 1073 889 atque

95 917 247 992 amicitia
263 920 449 1016 Catilinam
465 909 564 995 usum
582 917 694 1008 fuisse,
717 945 823 991 nemo
840 917 903 1007 est,
922 913 984 1012 qui
1000 911 1073 985 nes-

97 1037 189 1111 ciat:
224 1065 289 1112 nec
307 1041 417 1114 modo
434 1039 648 1137 conjunxisse
676 1039 709 1112 se
734 1039 915 1113 temerario
934 1033 1071 1133 juveni,

97 1159 326 1233 verumetiam
351 1160 450 1234 illum
483 1163 528 1235 de
553 1158 702 1264 successu
719 1186 831 1232 rerum
848 1157 984 1231 suarum
1001 1181 1073 1227 non

98 1278 321 1353 mediocriter
337 1280 579 1377 trepidantem,
598 1281 634 1354 in
651 1280 793 1354 audacia
810 1279 922 1366 simul,
945 1303 984 1349 ac
1000 1275 1074 1347 sen-

98 1399 206 1472 tentia
222 1402 455 1490 confirmasse,
473 1427 555 1474 cum
572 1401 605 1474 se
622 1401 672 1472 illi
690 1391 988 1500 vigilantilsrmum
1022 1393 1074 1467 so-

99 1520 210 1611 cium,
240 1547 280 1594 ac
310 1520 491 1594 satellitem
520 1519 719 1596 fidissimum
745 1521 921 1618 regenda,
949 1519 1074 1617 guber-

101 1642 299 1737 nandaeque
324 1639 569 1738 conjurationis
594 1640 667 1715 fore
693 1641 923 1738 polliceretur.

151 1764 288 1836 XXIV.
315 1761 425 1858 Qud
454 1766 476 1835 fi
507 1761 595 1835 votis
623 1761 864 1834 sceleratorum
893 1757 1077 1832 hominum

100 1880 270 1984 successus
286 1861 493 1980 aspiraffent,
510 1903 638 1980 quanta
650 1882 762 1978 strage
775 1879 907 1953 civium
924 1877 1076 1969 creditis,

101 2021 162 2076 aut
179 2023 312 2100 quanto
334 2003 470 2076 diluvio
487 2000 691 2076 facultatum
725 2004 933 2074 urbanarum
966 1998 1078 2071 ruitu-

102 2148 181 2195 ram
198 2120 294 2195 suisse
309 2123 548 2198 detestabilem
564 2126 691 2198 horum
715 2143 819 2220 atque
848 2122 1080 2196 execrandam
1151 2173 1153 2180 ι

103 2239 346 2338 impietatem?
382 2247 515 2318 Verum
545 2243 569 2316 ii
598 2244 738 2333 caelites,
757 2269 907 2340 quorum
925 2239 1080 2338 auspiciis

101 2361 279 2459 princeps,
309 2389 349 2435 ac
382 2390 505 2461 parens
523 2362 624 2461 hujus
657 2363 752 2438 urbis
785 2363 974 2452 RomuluS,
1001 2363 1080 2458 pul·

103 2481 266 2556 cherrimi
291 2483 426 2581 imperii
445 2484 600 2558 Romani
624 2464 856 2558 ‘fundamenta
877 2482 976 2580 jecit,
1003 2481 1079 2555 tris·

105 2601 269 2676 tiffimam
286 2603 422 2678 cladem
438 2629 480 2678 ac
498 2624 640 2678 conatus
658 2604 809 2702 perditos
837 2619 922 2676 nece
950 2601 1082 2675 adoles·

105 2723 216 2798 centis
232 2723 500 2821 interceperunt.
550 2724 674 2800 Pisone
691 2743 828 2798 mortuo
847 2709 1087 2820 conquieuille

106 2844 295 2920 Catilinam
316 2844 488 2942 dicemus,
518 2866 577 2919 aut
605 2845 750 2942 incoepti
777 2843 946 2918 temerarii
971 2845 1084 2940 poeni-
1181 2828 1184 2834 ¹

17 3007 18 3010 =
106 2964 233 3037 tuille?
265 2966 352 3036 Non
379 2965 543 3061 poenituit
559 2967 680 3055 modo,
709 2992 772 3040 nec
800 2962 1085 3062 requiescendum

108 3082 208 3164 fuisse
224 3082 404 3158 arbitratus
421 3086 484 3175 est,
515 3083 572 3157 sed
602 3086 714 3159 rursus
731 3086 798 3159 alio
816 3085 923 3166 furori
939 3091 1083 3162 accessu.

109 3206 198 3278 Non
231 3203 451 3278 consueverat
475 3205 613 3278 animus
648 3207 821 3304 perpetuis
855 3207 1086 3306 cupiditatum

110 3322 251 3422 flagitiis
288 3322 509 3416 exercitatus,
545 3325 656 3423 prima
688 3327 908 3400 destitutione
940 3326 1086 3418 forrunae

109 3442 342 3540 refrigescere,
361 3469 401 3520 ac
420 3443 649 3518 consternarit
676 3445 734 3519 sed
765 3447 825 3518 vix
852 3446 981 3542 sepulta
1013 3447 1087 3520 me-

24 3663 25 3666 *
111 3563 223 3635 moria
259 3562 450 3636 Pisoniana
485 3561 740 3661 conjurationis,
775 3569 836 3636 L,
854 3566 1000 3660 adeptus
1038 3568 1088 3641 est

24 3667 25 3670 Ἴ
110 3681 320 3772 Sidicinum,
349 3681 622 3779 porentisfimum
654 3685 799 3784 quidem
820 3679 1022 3777 bominem,
1048 3715 1088 3762 ac

26 3839 28 3883 a
112 3820 197 3886 tunc
223 3800 392 3877 furentem
423 3804 585 3902 singulari
615 3804 731 3878 studio
765 3829 876 3878 rerum
909 3809 1088 3892 novandas
1124 3875 1127 3880 .

627 3925 661 4010 ll
