2672 4682
238 280 288 371 64
456 270 500 350 C.
531 271 1040 352 CntsrrSnnaosrr't

159 535 163 550 ,
237 477 308 551 que
326 438 478 550 figuram
494 469 625 526 tantam
644 448 718 522 vim
744 447 780 522 in
802 443 869 522 sese
879 451 1038 534 'habere3
1060 445 1119 520 sed
1142 471 1221 524 me·

236 574 349 648 moria
365 599 482 648 rerum
499 571 673 672 gestarum
690 595 767 644 eam
785 574 966 644 flammam
995 568 1145 667 egregiis
1165 570 1220 642 vi·

236 693 281 767 ris
311 693 349 766 in
378 695 517 791 pedore
537 685 701 782 crescere,
720 717 834 790 neque
852 691 944 788 prius
961 685 1083 778 sedari,
1109 717 1220 786 quarn

237 813 345 888 virtus
362 839 482 887 eorum
504 810 636 886 samam
669 833 775 910 atque
800 811 948 911 gloriam
969 810 1220 908 adaequaverit.

238 941 290 1010 At
313 955 447 1022 contra,
473 932 551 1030 quis
578 933 627 1006 'est
657 917 818 1006 omnium
848 933 900 1004 his
929 931 1100 1021 moribus,
1133 931 1221 1029 quin

237 1055 414 1132 divitiis&
428 1051 613 1145 sumtibus,
635 1079 706 1128 non
725 1053 895 1152 probitate
912 1078 1026 1150 neque
1050 1053 1222 1128 industria

238 1204 321 1253 curn
339 1173 526 1272 majoribus
539 1173 605 1250 suis
622 1178 835 1249 contendat?
851 1175 957 1248 etiam
974 1174 1136 1276 homines
1154 1201 1219 1248 no-

238 1297 288 1388 vi,
311 1295 372 1393 qui
389 1318 490 1371 antea
508 1323 569 1394 per
588 1297 752 1370 virtutem
769 1293 857 1368 soliti
883 1315 979 1368 erant
997 1294 1224 1370 nobilitatem

237 1415 449 1508 antevenire,
477 1415 598 1492 furtim
625 1423 658 1490 δε
686 1443 745 1515 ρετ
762 1417 941 1490 latrocinia
957 1416 1070 1514 potius
1089 1415 1219 1513 [quam

144 1571 148 1591 ‚
239 1538 340 1614 bonis
372 1537 525 1637 artibus]
550 1539 596 1612 ad
624 1538 767 1635 imperia
804 1543 838 1612 δι
873 1539 1022 1650 honpres
1046 1537 1220 1612 nituntur.

238 1659 391 1733 Proinde
419 1663 513 1758 quast
544 1679 694 1756 praetura
727 1665 761 1734 ὅτ
788 1658 998 1749 consulatus,
1022 1679 1128 1754 atque
1155 1658 1223 1731 alia

239 1779 358 1854 omnia
385 1779 622 1878 hujuscemodi
637 1781 713 1878 'per
741 1778 774 1854 se
802 1779 874 1878 ipsa
898 1783 1003 1870 clara,
1034 1777 1223 1875 magnifica

239 1906 328 1988 fint;
353 1927 394 1974 ac
417 1927 488 1974 non
517 1901 660 1999 perinde
685 1904 893 1996 habeantur,
925 1921 964 1975 ut
991 1925 1128 1988 eorum,
1158 1898 1224 1996 qui

239 2022 417 2111 sustinent,
442 2022 550 2094 virtus
579 2023 640 2094 est.
692 2025 824 2096 Verum
856 2049 925 2120 ego
958 2020 1099 2094 liberius
1138 2019 1217 2092 alti-

240 2143 348 2242 usque
365 2144 521 2242 proceffi,
544 2141 632 2215 durn
643 2167 701 2214 me
714 2141 864 2214 civitatis
886 2141 1139 2238 morum-piget
1157 2160 1220 2214 tae-

240 2265 383 2361 detque.
434 2263 543 2335 Nunc
561 2263 605 2334 ad
622 2261 802 2359 inceptum
820 2264 935 2335 redeo.
1321 2333 1322 2350 ,

288 2387 333 2457 V.
358 2387 525 2458 Brutum
546 2380 734 2480 scripturus
751 2381 840 2472 sum,
860 2382 957 2480 quod
974 2382 1126 2480 populus
1143 2387 1221 2458 Ro·
1321 2375 1322 2378 ¹

239 2531 364 2580 manus
392 2530 475 2578 cum
504 2506 694 2602 Jugurtha,
723 2529 806 2602 rege
829 2503 1069 2578 Numidarum
1098 2497 1220 2602 geffit:

241 2626 396 2725 primum
417 2623 499 2724 quia
516 2651 690 2725 magnum
715 2631 749 2700 δε
775 2646 888 2716 atrox,
904 2625 1067 2723 variaque
1079 2625 1224 2698 vidoria

234 2747 327 2824 suit:
352 2746 435 2821 dein
462 2746 545 2845 quia
566 2765 643 2822 tum
661 2746 814 2844 primum
832 2745 1000 2845 superbiae
1025 2746 1217 2820 nobilitatis

240 2869 384 2942 obviarn
413 2867 502 2940 itum
532 2867 593 2940 est.
633 2871 735 2966 „Qrae
760 2867 939 2941 contentio
957 2866 1130 2940 divina&
1155 2869 1221 2940 hu-

240 3015 344 3064 mana
381 2989 507 3061 cunda
542 2987 753 3084 permiscuit,
796 3015 909 3086 eoque
940 2987 1112 3062 vecordiae
1140 3014 1222 3085 pro·

239 3112 347 3199 ceffit,
372 3107 424 3204 uti
454 3107 571 3180 studiis
598 3107 760 3182 civilibus
787 3110 922 3184 bellum
946 3128 1051 3206 atque
1083 3108 1223 3182 vastitas

239 3230 346 3308 Italiae
363 3231 471 3302 finem
499 3225 635 3302 faceret.
686 3230 753 3302 Sed
766 3228 965 3327 priusquam
982 3227 1223 3326 hujuscemodi

239 3352 289 3426 rei
314 3350 452 3426 initium
481 3349 649 3446 expedio,
674 3374 784 3446 pauca
811 3348 913 3447 supra
936 3371 1115 3448 repetam;
1147 3377 1221 3446 quo

243 3475 289 3548 ad
317 3470 600 3572 cognoscendum
629 3469 748 3555 omnia
772 3471 916 3546 illustria
943 3471 1072 3570 magis,
1097 3447 1224 3569 inagis·

243 3619 313 3692 que
342 3594 378 3668 in
403 3613 522 3692 aperto
552 3596 627 3666 fint.
677 3593 773 3686 Bello
797 3593 933 3668 Punico
955 3591 1122 3681 secund0,
1149 3617 1222 3688 quo

242 3717 318 3790 dux
352 3713 691 3814 Carthaginiensium
718 3713 915 3816 Hannibal,
940 3715 1019 3814 post
1044 3713 1222 3813 magnitu-
