<?xml version="1.0" encoding="UTF-8"?>
<!DOCTYPE html PUBLIC "-//W3C//DTD XHTML 1.0 Transitional//EN"
    "http://www.w3.org/TR/xhtml1/DTD/xhtml1-transitional.dtd">
<html xmlns="http://www.w3.org/1999/xhtml" xml:lang="en" lang="en">
 <head>
  <title>
</title>
<meta http-equiv="Content-Type" content="text/html;charset=utf-8" />
  <meta name='ocr-system' content='tesseract 3.04.00' />
  <meta name='ocr-capabilities' content='ocr_page ocr_carea ocr_par ocr_line ocrx_word'/>
</head>
<body>
  <div class='ocr_page' id='page_1' title='image "./caiicrispisallu00sallgoog_0030.png"; bbox 0 0 2672 4682; ppageno 0'>
   <div class='ocr_carea' id='block_1_1' title="bbox 212 375 996 454">
    <p class='ocr_par' dir='ltr' id='par_1_1' title="bbox 212 375 996 454">
     <span class='ocr_line' id='line_1_1' title="bbox 212 375 996 454; baseline 0.003 -2"><span class='ocrx_word' id='word_1_1' title='bbox 212 399 258 452; x_wconf 82' lang='lat' dir='ltr'><strong>ra</strong></span> <span class='ocrx_word' id='word_1_2' title='bbox 381 375 656 450; x_wconf 49' lang='lat' dir='ltr'><strong>Canrrrr</strong></span> <span class='ocrx_word' id='word_1_3' title='bbox 690 377 996 454; x_wconf 79' lang='lat' dir='ltr'><strong>Snctusrrr</strong></span> 
     </span>
    </p>
   </div>
   <div class='ocr_carea' id='block_1_2' title="bbox 137 541 1265 3934">
    <p class='ocr_par' dir='ltr' id='par_1_2' title="bbox 137 541 1201 2107">
     <span class='ocr_line' id='line_1_2' title="bbox 207 541 1198 642; baseline 0.008 -19"><span class='ocrx_word' id='word_1_4' title='bbox 207 549 262 623; x_wconf 90' lang='lat' dir='ltr'><strong>illi</strong></span> <span class='ocrx_word' id='word_1_5' title='bbox 280 570 398 626; x_wconf 89' lang='lat' dir='ltr'><strong>tamen</strong></span> <span class='ocrx_word' id='word_1_6' title='bbox 415 553 460 628; x_wconf 84' lang='lat' dir='ltr'><strong>ad</strong></span> <span class='ocrx_word' id='word_1_7' title='bbox 478 545 674 626; x_wconf 84' lang='lat' dir='ltr'><strong>cavendum</strong></span> <span class='ocrx_word' id='word_1_8' title='bbox 684 550 801 642; x_wconf 86' lang='lat' dir='ltr'><strong>dolus,</strong></span> <span class='ocrx_word' id='word_1_9' title='bbox 828 541 1029 628; x_wconf 76' lang='lat' dir='ltr'><strong>autastutiae</strong></span> <span class='ocrx_word' id='word_1_10' title='bbox 1043 549 1198 631; x_wconf 75' lang='lat' dir='ltr'><strong>deerant.</strong></span> 
     </span>
     <span class='ocr_line' id='line_1_3' title="bbox 211 669 1201 775; baseline 0.006 -29"><span class='ocrx_word' id='word_1_11' title='bbox 211 673 382 772; x_wconf 84' lang='lat' dir='ltr'><strong>Namque</strong></span> <span class='ocrx_word' id='word_1_12' title='bbox 406 699 428 747; x_wconf 89' lang='lat' dir='ltr'><strong>a</strong></span> <span class='ocrx_word' id='word_1_13' title='bbox 455 671 626 772; x_wconf 85' lang='lat' dir='ltr'><strong>principio</strong></span> <span class='ocrx_word' id='word_1_14' title='bbox 649 669 843 748; x_wconf 82' lang='lat' dir='ltr'><strong>consulatus</strong></span> <span class='ocrx_word' id='word_1_15' title='bbox 867 672 931 766; x_wconf 90' lang='lat' dir='ltr'><strong>sui,</strong></span> <span class='ocrx_word' id='word_1_16' title='bbox 962 677 1075 749; x_wconf 87' lang='lat' dir='ltr'><strong>multa</strong></span> <span class='ocrx_word' id='word_1_17' title='bbox 1092 677 1201 775; x_wconf 89' lang='lat' dir='ltr'><strong>polli-</strong></span> 
     </span>
     <span class='ocr_line' id='line_1_4' title="bbox 211 792 1200 896; baseline 0.005 -29"><span class='ocrx_word' id='word_1_18' title='bbox 211 795 326 868; x_wconf 92' lang='lat' dir='ltr'><strong>cendo</strong></span> <span class='ocrx_word' id='word_1_19' title='bbox 349 820 412 892; x_wconf 90' lang='lat' dir='ltr'><strong>per</strong></span> <span class='ocrx_word' id='word_1_20' title='bbox 433 792 609 884; x_wconf 89' lang='lat' dir='ltr'><strong>Fulviam,</strong></span> <span class='ocrx_word' id='word_1_21' title='bbox 644 794 817 888; x_wconf 88' lang='lat' dir='ltr'><strong>effecerat,</strong></span> <span class='ocrx_word' id='word_1_22' title='bbox 846 815 886 870; x_wconf 93' lang='lat' dir='ltr'><strong>ut</strong></span> <span class='ocrx_word' id='word_1_23' title='bbox 908 797 967 896; x_wconf 76' lang='lat' dir='ltr'>Q</span> <span class='ocrx_word' id='word_1_24' title='bbox 980 796 1119 888; x_wconf 82' lang='lat' dir='ltr'><strong>Curius,</strong></span> <span class='ocrx_word' id='word_1_25' title='bbox 1152 799 1200 872; x_wconf 84' lang='lat' dir='ltr'><strong>de</strong></span> 
     </span>
     <span class='ocr_line' id='line_1_5' title="bbox 139 915 1201 1020; baseline 0.003 -29"><span class='ocrx_word' id='word_1_26' title='bbox 139 941 143 949; x_wconf 86' lang='grc'><em>’</em></span> <span class='ocrx_word' id='word_1_27' title='bbox 208 918 433 1018; x_wconf 81' lang='lat' dir='ltr'><strong>quopaullo·</strong></span> <span class='ocrx_word' id='word_1_28' title='bbox 450 935 530 988; x_wconf 90' lang='lat' dir='ltr'><strong>ante</strong></span> <span class='ocrx_word' id='word_1_29' title='bbox 558 915 763 1006; x_wconf 86' lang='lat' dir='ltr'>memoravi,</span> <span class='ocrx_word' id='word_1_30' title='bbox 791 917 933 991; x_wconf 86' lang='lat' dir='ltr'><strong>confilia</strong></span> <span class='ocrx_word' id='word_1_31' title='bbox 953 917 1113 1020; x_wconf 70' lang='lat' dir='ltr'><strong>Catilina</strong></span> <span class='ocrx_word' id='word_1_32' title='bbox 1137 920 1201 994; x_wconf 80' lang='lat' dir='ltr'><strong>fibi</strong></span> 
     </span>
     <span class='ocr_line' id='line_1_6' title="bbox 209 1035 1198 1138; baseline 0.004 -26"><span class='ocrx_word' id='word_1_33' title='bbox 209 1039 387 1138; x_wconf 85' lang='lat' dir='ltr'><strong>proderet.</strong></span> <span class='ocrx_word' id='word_1_34' title='bbox 431 1037 498 1114; x_wconf 79' lang='lat' dir='ltr'><strong>nd</strong></span> <span class='ocrx_word' id='word_1_35' title='bbox 511 1037 579 1110; x_wconf 90' lang='lat' dir='ltr'><strong>hoc</strong></span> <span class='ocrx_word' id='word_1_36' title='bbox 593 1035 769 1136; x_wconf 81' lang='lat' dir='ltr'>collegam</span> <span class='ocrx_word' id='word_1_37' title='bbox 783 1035 884 1113; x_wconf 91' lang='lat' dir='ltr'><strong>suum</strong></span> <span class='ocrx_word' id='word_1_38' title='bbox 897 1039 1096 1113; x_wconf 83' lang='lat' dir='ltr'><strong>Antonium</strong></span> <span class='ocrx_word' id='word_1_39' title='bbox 1115 1067 1198 1138; x_wconf 87' lang='lat' dir='ltr'><strong>pac-</strong></span> 
     </span>
     <span class='ocr_line' id='line_1_7' title="bbox 209 1156 1199 1260; baseline 0.003 -27"><span class='ocrx_word' id='word_1_40' title='bbox 209 1160 307 1235; x_wconf 83' lang='lat' dir='ltr'><strong>tione</strong></span> <span class='ocrx_word' id='word_1_41' title='bbox 331 1156 522 1256; x_wconf 85' lang='lat' dir='ltr'><strong>provinciae</strong></span> <span class='ocrx_word' id='word_1_42' title='bbox 547 1159 761 1256; x_wconf 82' lang='lat' dir='ltr'><strong>perpulerat,¹</strong></span> <span class='ocrx_word' id='word_1_43' title='bbox 789 1185 834 1234; x_wconf 91' lang='lat' dir='ltr'><strong>ne</strong></span> <span class='ocrx_word' id='word_1_44' title='bbox 858 1180 980 1235; x_wconf 87' lang='lat' dir='ltr'><strong>contra</strong></span> <span class='ocrx_word' id='word_1_45' title='bbox 1003 1161 1199 1260; x_wconf 91' lang='lat' dir='ltr'><strong>rempubli-</strong></span> 
     </span>
     <span class='ocr_line' id='line_1_8' title="bbox 137 1277 1199 1382; baseline 0.002 -26"><span class='ocrx_word' id='word_1_46' title='bbox 137 1303 143 1310; x_wconf 83' lang='lat'><strong><em>‘</em></strong></span> <span class='ocrx_word' id='word_1_47' title='bbox 209 1309 288 1356; x_wconf 88' lang='lat' dir='ltr'><strong>cam</strong></span> <span class='ocrx_word' id='word_1_48' title='bbox 305 1278 454 1353; x_wconf 85' lang='lat' dir='ltr'><strong>sentiret.</strong></span> <span class='ocrx_word' id='word_1_49' title='bbox 504 1277 649 1353; x_wconf 90' lang='lat' dir='ltr'><strong>Circum</strong></span> <span class='ocrx_word' id='word_1_50' title='bbox 662 1277 696 1354; x_wconf 91' lang='lat' dir='ltr'><strong>se</strong></span> <span class='ocrx_word' id='word_1_51' title='bbox 709 1281 865 1379; x_wconf 81' lang='lat' dir='ltr'><strong>praesrdia</strong></span> <span class='ocrx_word' id='word_1_52' title='bbox 877 1281 1073 1358; x_wconf 87' lang='lat' dir='ltr'><strong>amicorum</strong></span> <span class='ocrx_word' id='word_1_53' title='bbox 1089 1285 1199 1382; x_wconf 80' lang='lat' dir='ltr'><strong>atque&#39;</strong></span> 
     </span>
     <span class='ocr_line' id='line_1_9' title="bbox 207 1399 1196 1502; baseline 0.006 -27"><span class='ocrx_word' id='word_1_54' title='bbox 207 1399 388 1477; x_wconf 86' lang='lat' dir='ltr'><strong>clientium</strong></span> <span class='ocrx_word' id='word_1_55' title='bbox 406 1402 543 1474; x_wconf 87' lang='lat' dir='ltr'><strong>occulte</strong></span> <span class='ocrx_word' id='word_1_56' title='bbox 560 1401 723 1475; x_wconf 88' lang='lat' dir='ltr'><strong>habebat.</strong></span> <span class='ocrx_word' id='word_1_57' title='bbox 773 1401 963 1502; x_wconf 87' lang='lat' dir='ltr'><strong>Postquam</strong></span> <span class='ocrx_word' id='word_1_58' title='bbox 986 1405 1060 1478; x_wconf 81' lang='lat' dir='ltr'><strong>diet</strong></span> <span class='ocrx_word' id='word_1_59' title='bbox 1083 1409 1196 1481; x_wconf 91' lang='lat' dir='ltr'><strong>comi·</strong></span> 
     </span>
     <span class='ocr_line' id='line_1_10' title="bbox 206 1521 1197 1626; baseline 0.004 -29"><span class='ocrx_word' id='word_1_60' title='bbox 206 1524 336 1598; x_wconf 87' lang='lat' dir='ltr'><strong>tiorum</strong></span> <span class='ocrx_word' id='word_1_61' title='bbox 347 1521 457 1612; x_wconf 85' lang='lat' dir='ltr'><strong>venit,</strong></span> <span class='ocrx_word' id='word_1_62' title='bbox 487 1521 696 1596; x_wconf 81' lang='lat' dir='ltr'><strong>&amp;Catilinae</strong></span> <span class='ocrx_word' id='word_1_63' title='bbox 713 1549 829 1622; x_wconf 89' lang='lat' dir='ltr'><strong>neque</strong></span> <span class='ocrx_word' id='word_1_64' title='bbox 846 1523 983 1622; x_wconf 80' lang='lat' dir='ltr'><strong>petitio,</strong></span> <span class='ocrx_word' id='word_1_65' title='bbox 1010 1549 1126 1626; x_wconf 89' lang='lat' dir='ltr'><strong>neque</strong></span> <span class='ocrx_word' id='word_1_66' title='bbox 1142 1528 1197 1602; x_wconf 88' lang='lat' dir='ltr'><strong>in·</strong></span> 
     </span>
     <span class='ocr_line' id='line_1_11' title="bbox 206 1642 1198 1746; baseline 0.005 -27"><span class='ocrx_word' id='word_1_67' title='bbox 206 1645 312 1735; x_wconf 83' lang='lat' dir='ltr'><strong>tidite,</strong></span> <span class='ocrx_word' id='word_1_68' title='bbox 340 1671 426 1743; x_wconf 84' lang='lat' dir='ltr'><strong>quas</strong></span> <span class='ocrx_word' id='word_1_69' title='bbox 449 1642 659 1719; x_wconf 87' lang='lat' dir='ltr'><strong>Consulibus</strong></span> <span class='ocrx_word' id='word_1_70' title='bbox 683 1645 719 1718; x_wconf 92' lang='lat' dir='ltr'><strong>in</strong></span> <span class='ocrx_word' id='word_1_71' title='bbox 743 1668 871 1744; x_wconf 89' lang='lat' dir='ltr'><strong>campo</strong></span> <span class='ocrx_word' id='word_1_72' title='bbox 888 1645 1017 1721; x_wconf 82' lang='lat' dir='ltr'><strong>fecerat</strong></span> <span class='ocrx_word' id='word_1_73' title='bbox 1034 1647 1198 1746; x_wconf 81' lang='lat' dir='ltr'><strong>prospere</strong></span> 
     </span>
     <span class='ocr_line' id='line_1_12' title="bbox 205 1765 1197 1852; baseline 0.005 -12"><span class='ocrx_word' id='word_1_74' title='bbox 205 1767 353 1852; x_wconf 85' lang='lat' dir='ltr'><strong>cessere;</strong></span> <span class='ocrx_word' id='word_1_75' title='bbox 380 1765 559 1838; x_wconf 89' lang='lat' dir='ltr'><strong>constituit</strong></span> <span class='ocrx_word' id='word_1_76' title='bbox 575 1767 711 1840; x_wconf 89' lang='lat' dir='ltr'><strong>bellurn</strong></span> <span class='ocrx_word' id='word_1_77' title='bbox 729 1765 844 1841; x_wconf 84' lang='lat' dir='ltr'><strong>facere</strong></span> <span class='ocrx_word' id='word_1_78' title='bbox 858 1773 891 1842; x_wconf 63' lang='grc' dir='ltr'><strong>ὃς</strong></span> <span class='ocrx_word' id='word_1_79' title='bbox 906 1777 1063 1844; x_wconf 85' lang='lat' dir='ltr'><strong>extrema</strong></span> <span class='ocrx_word' id='word_1_80' title='bbox 1075 1771 1197 1845; x_wconf 82' lang='lat' dir='ltr'><strong>omnia</strong></span> 
     </span>
     <span class='ocr_line' id='line_1_13' title="bbox 204 1884 1197 1989; baseline 0.002 -26"><span class='ocrx_word' id='word_1_81' title='bbox 204 1887 377 1987; x_wconf 70' lang='lat' dir='ltr'><strong>experiris</strong></span> <span class='ocrx_word' id='word_1_82' title='bbox 406 1887 573 1986; x_wconf 83' lang='lat' dir='ltr'><strong>quoniam</strong></span> <span class='ocrx_word' id='word_1_83' title='bbox 590 1913 670 1986; x_wconf 85' lang='lat' dir='ltr'><strong>quae</strong></span> <span class='ocrx_word' id='word_1_84' title='bbox 689 1884 835 1964; x_wconf 83' lang='lat' dir='ltr'><strong>occulte</strong></span> <span class='ocrx_word' id='word_1_85' title='bbox 845 1907 1051 1982; x_wconf 88' lang='lat' dir='ltr'><strong>tentaverat,</strong></span> <span class='ocrx_word' id='word_1_86' title='bbox 1078 1890 1197 1989; x_wconf 84' lang='lat' dir='ltr'><strong>aspera</strong></span> 
     </span>
     <span class='ocr_line' id='line_1_14' title="bbox 169 1997 587 2107; baseline -0.005 -23"><span class='ocrx_word' id='word_1_87' title='bbox 169 2057 172 2066; x_wconf 86' lang='lat'>·</span> <span class='ocrx_word' id='word_1_88' title='bbox 203 2010 370 2107; x_wconf 82' lang='lat' dir='ltr'><strong>foedaque</strong></span> <span class='ocrx_word' id='word_1_89' title='bbox 387 1997 587 2082; x_wconf 81' lang='lat' dir='ltr'><strong>evenerant.</strong></span> 
     </span>
    </p>

    <p class='ocr_par' dir='ltr' id='par_1_3' title="bbox 161 2109 1265 3934">
     <span class='ocr_line' id='line_1_15' title="bbox 252 2109 1195 2235; baseline 0.005 -29"><span class='ocrx_word' id='word_1_90' title='bbox 252 2131 408 2206; x_wconf 88' lang='lat' dir='ltr'><strong>XXVII.</strong></span> <span class='ocrx_word' id='word_1_91' title='bbox 435 2132 580 2204; x_wconf 78' lang='lat' dir='ltr'><strong>lurrt&#39;rn</strong></span> <span class='ocrx_word' id='word_1_92' title='bbox 604 2131 646 2205; x_wconf 92' lang='lat' dir='ltr'><strong>C.</strong></span> <span class='ocrx_word' id='word_1_93' title='bbox 671 2133 854 2210; x_wconf 86' lang='lat' dir='ltr'><strong>Manlium</strong></span> <span class='ocrx_word' id='word_1_94' title='bbox 870 2109 1019 2208; x_wconf 79' lang='lat' dir='ltr'><strong>Faesulas</strong></span> <span class='ocrx_word' id='word_1_95' title='bbox 1036 2153 1141 2235; x_wconf 87' lang='lat' dir='ltr'><strong>atque</strong></span> <span class='ocrx_word' id='word_1_96' title='bbox 1158 2136 1195 2210; x_wconf 87' lang='lat' dir='ltr'><strong>in</strong></span> 
     </span>
     <span class='ocr_line' id='line_1_16' title="bbox 202 2251 1193 2352; baseline 0.001 -23"><span class='ocrx_word' id='word_1_97' title='bbox 202 2279 280 2329; x_wconf 85' lang='lat' dir='ltr'><strong>eam</strong></span> <span class='ocrx_word' id='word_1_98' title='bbox 299 2273 435 2350; x_wconf 88' lang='lat' dir='ltr'><strong>partem</strong></span> <span class='ocrx_word' id='word_1_99' title='bbox 454 2252 615 2344; x_wconf 86' lang='lat' dir='ltr'><strong>Etruriae‚</strong></span> <span class='ocrx_word' id='word_1_100' title='bbox 642 2251 854 2350; x_wconf 88' lang='lat' dir='ltr'><strong>Septimium</strong></span> <span class='ocrx_word' id='word_1_101' title='bbox 871 2257 1066 2352; x_wconf 88' lang='lat' dir='ltr'><strong>quemdam</strong></span> <span class='ocrx_word' id='word_1_102' title='bbox 1083 2257 1193 2330; x_wconf 70' lang='lat' dir='ltr'><strong>Cam-</strong></span> 
     </span>
     <span class='ocr_line' id='line_1_17' title="bbox 204 2373 1194 2474; baseline 0.003 -25"><span class='ocrx_word' id='word_1_103' title='bbox 204 2397 314 2450; x_wconf 90' lang='lat' dir='ltr'><strong>ertem</strong></span> <span class='ocrx_word' id='word_1_104' title='bbox 333 2373 370 2448; x_wconf 94' lang='lat' dir='ltr'><strong>in</strong></span> <span class='ocrx_word' id='word_1_105' title='bbox 387 2400 512 2474; x_wconf 85' lang='lat' dir='ltr'><strong>agrum</strong></span> <span class='ocrx_word' id='word_1_106' title='bbox 530 2374 716 2464; x_wconf 87' lang='lat' dir='ltr'><strong>Picenum,</strong></span> <span class='ocrx_word' id='word_1_107' title='bbox 742 2375 785 2448; x_wconf 93' lang='lat' dir='ltr'><strong>C.</strong></span> <span class='ocrx_word' id='word_1_108' title='bbox 802 2375 940 2470; x_wconf 83' lang='lat' dir='ltr'><strong>Julium</strong></span> <span class='ocrx_word' id='word_1_109' title='bbox 957 2374 999 2462; x_wconf 68' lang='lat' dir='ltr'><strong>⁵in</strong></span> <span class='ocrx_word' id='word_1_110' title='bbox 1021 2377 1194 2474; x_wconf 82' lang='lat' dir='ltr'><strong>Apuliam</strong></span> 
     </span>
     <span class='ocr_line' id='line_1_18' title="bbox 202 2494 1193 2594; baseline -0.001 -22"><span class='ocrx_word' id='word_1_111' title='bbox 202 2497 333 2572; x_wconf 74' lang='lat' dir='ltr'><strong>dimisit</strong></span> <span class='ocrx_word' id='word_1_112' title='bbox 339 2525 350 2584; x_wconf 84' lang='lat'>3</span> <span class='ocrx_word' id='word_1_113' title='bbox 378 2496 666 2594; x_wconf 83' lang='lat' dir='ltr'><strong>praetereaalium</strong></span> <span class='ocrx_word' id='word_1_114' title='bbox 678 2494 760 2586; x_wconf 85' lang='lat' dir='ltr'><strong>alin,</strong></span> <span class='ocrx_word' id='word_1_115' title='bbox 788 2520 896 2594; x_wconf 87' lang='lat' dir='ltr'><strong>quern</strong></span> <span class='ocrx_word' id='word_1_116' title='bbox 912 2495 1047 2594; x_wconf 90' lang='lat' dir='ltr'><strong>ubique</strong></span> <span class='ocrx_word' id='word_1_117' title='bbox 1061 2522 1193 2594; x_wconf 60' lang='lat' dir='ltr'><strong>oppora</strong></span> 
     </span>
     <span class='ocr_line' id='line_1_19' title="bbox 200 2618 1192 2693; baseline -0.001 0"><span class='ocrx_word' id='word_1_118' title='bbox 200 2641 328 2693; x_wconf 86' lang='lat' dir='ltr'><strong>tunum</strong></span> <span class='ocrx_word' id='word_1_119' title='bbox 345 2619 519 2692; x_wconf 87' lang='lat' dir='ltr'><strong>credebat.</strong></span> <span class='ocrx_word' id='word_1_120' title='bbox 570 2618 703 2692; x_wconf 85' lang='lat' dir='ltr'><strong>Interea</strong></span> <span class='ocrx_word' id='word_1_121' title='bbox 718 2621 847 2691; x_wconf 86' lang='lat' dir='ltr'><strong>Romae</strong></span> <span class='ocrx_word' id='word_1_122' title='bbox 865 2618 977 2691; x_wconf 90' lang='lat' dir='ltr'><strong>multa</strong></span> <span class='ocrx_word' id='word_1_123' title='bbox 995 2618 1096 2692; x_wconf 90' lang='lat' dir='ltr'><strong>s1mul</strong></span> <span class='ocrx_word' id='word_1_124' title='bbox 1113 2643 1192 2692; x_wconf 81' lang='lat' dir='ltr'><strong>mo·</strong></span> 
     </span>
     <span class='ocr_line' id='line_1_20' title="bbox 201 2736 1193 2838; baseline 0 -24"><span class='ocrx_word' id='word_1_125' title='bbox 201 2741 254 2814; x_wconf 87' lang='lat' dir='ltr'><strong>liri</strong></span> <span class='ocrx_word' id='word_1_126' title='bbox 265 2771 276 2828; x_wconf 74' lang='grc' dir='ltr'><strong><em>ς</em></strong></span> <span class='ocrx_word' id='word_1_127' title='bbox 300 2736 443 2812; x_wconf 92' lang='lat' dir='ltr'><strong>Consuli</strong></span> <span class='ocrx_word' id='word_1_128' title='bbox 457 2739 766 2829; x_wconf 78' lang='lat' dir='ltr'><strong>insidiastendere,</strong></span> <span class='ocrx_word' id='word_1_129' title='bbox 791 2765 912 2837; x_wconf 88' lang='lat' dir='ltr'><strong>parare</strong></span> <span class='ocrx_word' id='word_1_130' title='bbox 930 2738 1107 2829; x_wconf 83' lang='lat' dir='ltr'><strong>incendia,</strong></span> <span class='ocrx_word' id='word_1_131' title='bbox 1127 2766 1193 2838; x_wconf 79' lang='lat' dir='ltr'><strong>op-</strong></span> 
     </span>
     <span class='ocr_line' id='line_1_21' title="bbox 201 2858 1192 2970; baseline 0.001 -35"><span class='ocrx_word' id='word_1_132' title='bbox 201 2883 354 2962; x_wconf 88' lang='lat' dir='ltr'><strong>portuna</strong></span> <span class='ocrx_word' id='word_1_133' title='bbox 366 2863 444 2936; x_wconf 88' lang='lat' dir='ltr'><strong>loca</strong></span> <span class='ocrx_word' id='word_1_134' title='bbox 457 2860 597 2934; x_wconf 85' lang='lat' dir='ltr'><strong>armatis</strong></span> <span class='ocrx_word' id='word_1_135' title='bbox 610 2861 814 2970; x_wconf 85' lang='lat' dir='ltr'><strong>hominibus</strong></span> <span class='ocrx_word' id='word_1_136' title='bbox 825 2862 997 2935; x_wconf 87' lang='lat' dir='ltr'><strong>obfidere:</strong></span> <span class='ocrx_word' id='word_1_137' title='bbox 1024 2858 1095 2959; x_wconf 90' lang='lat' dir='ltr'><strong>ipse</strong></span> <span class='ocrx_word' id='word_1_138' title='bbox 1108 2888 1192 2936; x_wconf 93' lang='lat' dir='ltr'><strong>cum</strong></span> 
     </span>
     <span class='ocr_line' id='line_1_22' title="bbox 200 2981 1192 3082; baseline 0 -26"><span class='ocrx_word' id='word_1_139' title='bbox 200 2987 272 3057; x_wconf 81' lang='lat' dir='ltr'><strong>telo</strong></span> <span class='ocrx_word' id='word_1_140' title='bbox 285 2986 366 3074; x_wconf 86' lang='lat' dir='ltr'><strong>effe,</strong></span> <span class='ocrx_word' id='word_1_141' title='bbox 392 2983 478 3056; x_wconf 90' lang='lat' dir='ltr'><strong>item</strong></span> <span class='ocrx_word' id='word_1_142' title='bbox 491 2981 730 3082; x_wconf 83' lang='lat' dir='ltr'><strong>aliosjubere:</strong></span> <span class='ocrx_word' id='word_1_143' title='bbox 758 2983 901 3073; x_wconf 89' lang='lat' dir='ltr'><strong>hortari,</strong></span> <span class='ocrx_word' id='word_1_144' title='bbox 928 2981 979 3058; x_wconf 88' lang='lat' dir='ltr'><strong>uti</strong></span> <span class='ocrx_word' id='word_1_145' title='bbox 990 2982 1126 3079; x_wconf 84' lang='lat' dir='ltr'><strong>semper</strong></span> <span class='ocrx_word' id='word_1_146' title='bbox 1137 2987 1192 3056; x_wconf 57' lang='lat' dir='ltr'><strong>ins</strong></span> 
     </span>
     <span class='ocr_line' id='line_1_23' title="bbox 200 3101 1191 3202; baseline 0 -24"><span class='ocrx_word' id='word_1_147' title='bbox 200 3105 287 3180; x_wconf 90' lang='lat' dir='ltr'><strong>tenti</strong></span> <span class='ocrx_word' id='word_1_148' title='bbox 316 3103 497 3202; x_wconf 87' lang='lat' dir='ltr'><strong>paratique</strong></span> <span class='ocrx_word' id='word_1_149' title='bbox 524 3105 656 3177; x_wconf 85' lang='lat' dir='ltr'><strong>essent:</strong></span> <span class='ocrx_word' id='word_1_150' title='bbox 701 3103 774 3177; x_wconf 90' lang='lat' dir='ltr'><strong>dies</strong></span> <span class='ocrx_word' id='word_1_151' title='bbox 801 3103 987 3202; x_wconf 71' lang='lat' dir='ltr'><strong>nodesque</strong></span> <span class='ocrx_word' id='word_1_152' title='bbox 1015 3101 1191 3194; x_wconf 84' lang='lat' dir='ltr'><strong>festinare,</strong></span> 
     </span>
     <span class='ocr_line' id='line_1_24' title="bbox 161 3222 1191 3326; baseline -0.001 -27"><span class='ocrx_word' id='word_1_153' title='bbox 161 3285 163 3290; x_wconf 91' lang='lat'><strong>.</strong></span> <span class='ocrx_word' id='word_1_154' title='bbox 201 3227 360 3326; x_wconf 84' lang='lat' dir='ltr'><strong>vigilare,</strong></span> <span class='ocrx_word' id='word_1_155' title='bbox 399 3249 515 3324; x_wconf 92' lang='lat' dir='ltr'><strong>neque</strong></span> <span class='ocrx_word' id='word_1_156' title='bbox 543 3222 724 3298; x_wconf 89' lang='lat' dir='ltr'><strong>insomniis</strong></span> <span class='ocrx_word' id='word_1_157' title='bbox 753 3249 868 3322; x_wconf 87' lang='lat' dir='ltr'><strong>neque</strong></span> <span class='ocrx_word' id='word_1_158' title='bbox 894 3225 1014 3299; x_wconf 90' lang='lat' dir='ltr'><strong>labore</strong></span> <span class='ocrx_word' id='word_1_159' title='bbox 1039 3223 1191 3323; x_wconf 86' lang='lat' dir='ltr'><strong>fatigari.</strong></span> 
     </span>
     <span class='ocr_line' id='line_1_25' title="bbox 198 3343 1265 3444; baseline -0.004 -22"><span class='ocrx_word' id='word_1_160' title='bbox 198 3346 382 3436; x_wconf 82' lang='lat' dir='ltr'><strong>Postremo</strong></span> <span class='ocrx_word' id='word_1_161' title='bbox 399 3344 590 3420; x_wconf 86' lang='lat' dir='ltr'><strong>ubimulta</strong></span> <span class='ocrx_word' id='word_1_162' title='bbox 612 3345 757 3444; x_wconf 85' lang='lat' dir='ltr'><strong>agitanti</strong></span> <span class='ocrx_word' id='word_1_163' title='bbox 774 3345 862 3420; x_wconf 91' lang='lat' dir='ltr'><strong>nihil</strong></span> <span class='ocrx_word' id='word_1_164' title='bbox 880 3345 1053 3444; x_wconf 86' lang='lat' dir='ltr'><strong>procedit,</strong></span> <span class='ocrx_word' id='word_1_165' title='bbox 1079 3343 1193 3421; x_wconf 88' lang='lat' dir='ltr'><strong>rursus</strong></span> <span class='ocrx_word' id='word_1_166' title='bbox 1263 3359 1265 3366; x_wconf 83' lang='grc'><em>’</em></span> 
     </span>
     <span class='ocr_line' id='line_1_26' title="bbox 199 3465 1192 3568; baseline -0.008 -20"><span class='ocrx_word' id='word_1_167' title='bbox 199 3468 408 3568; x_wconf 86' lang='lat' dir='ltr'><strong>intempesta</strong></span> <span class='ocrx_word' id='word_1_168' title='bbox 429 3470 536 3541; x_wconf 72' lang='lat' dir='ltr'><strong>node</strong></span> <span class='ocrx_word' id='word_1_169' title='bbox 555 3465 801 3565; x_wconf 83' lang='lat' dir='ltr'><strong>conjurationis</strong></span> <span class='ocrx_word' id='word_1_170' title='bbox 822 3467 996 3566; x_wconf 79' lang='lat' dir='ltr'><strong>principes</strong></span> <span class='ocrx_word' id='word_1_171' title='bbox 1016 3486 1192 3542; x_wconf 82' lang='lat' dir='ltr'><strong>convocat</strong></span> 
     </span>
     <span class='ocr_line' id='line_1_27' title="bbox 199 3574 1193 3691; baseline -0.003 -25"><span class='ocrx_word' id='word_1_172' title='bbox 199 3613 261 3691; x_wconf 87' lang='lat' dir='ltr'><strong>per</strong></span> <span class='ocrx_word' id='word_1_173' title='bbox 277 3592 335 3666; x_wconf 85' lang='lat' dir='ltr'><strong>M.</strong></span> <span class='ocrx_word' id='word_1_174' title='bbox 352 3589 522 3665; x_wconf 87' lang='lat' dir='ltr'><strong>Porcium</strong></span> <span class='ocrx_word' id='word_1_175' title='bbox 537 3574 708 3666; x_wconf 73' lang='lat' dir='ltr'><strong>Laecam:</strong></span> <span class='ocrx_word' id='word_1_176' title='bbox 735 3590 858 3689; x_wconf 87' lang='lat' dir='ltr'><strong>ibique</strong></span> <span class='ocrx_word' id='word_1_177' title='bbox 869 3592 979 3662; x_wconf 90' lang='lat' dir='ltr'><strong>multa</strong></span> <span class='ocrx_word' id='word_1_178' title='bbox 991 3589 1035 3662; x_wconf 91' lang='lat' dir='ltr'><strong>de</strong></span> <span class='ocrx_word' id='word_1_179' title='bbox 1048 3587 1193 3686; x_wconf 80' lang='lat' dir='ltr'><strong>ignavia</strong></span> 
     </span>
     <span class='ocr_line' id='line_1_28' title="bbox 202 3710 1192 3812; baseline 0 -26"><span class='ocrx_word' id='word_1_180' title='bbox 202 3737 327 3786; x_wconf 91' lang='lat' dir='ltr'><strong>eorum</strong></span> <span class='ocrx_word' id='word_1_181' title='bbox 352 3713 509 3812; x_wconf 85' lang='lat' dir='ltr'><strong>questus,</strong></span> <span class='ocrx_word' id='word_1_182' title='bbox 536 3712 655 3805; x_wconf 90' lang='lat' dir='ltr'><strong>docet,</strong></span> <span class='ocrx_word' id='word_1_183' title='bbox 687 3719 715 3756; x_wconf 89' lang='lat'><strong>“</strong></span> <span class='ocrx_word' id='word_1_184' title='bbox 732 3711 766 3786; x_wconf 91' lang='lat' dir='ltr'><strong>se</strong></span> <span class='ocrx_word' id='word_1_185' title='bbox 781 3711 967 3786; x_wconf 85' lang='lat' dir='ltr'><strong>Manlium</strong></span> <span class='ocrx_word' id='word_1_186' title='bbox 995 3710 1192 3807; x_wconf 82' lang='lat' dir='ltr'><strong>praemisrsse</strong></span> 
     </span>
     <span class='ocr_line' id='line_1_29' title="bbox 202 3831 1190 3934; baseline -0.001 -24"><span class='ocrx_word' id='word_1_187' title='bbox 202 3841 232 3878; x_wconf 81' lang='lat'><strong>‘⁴</strong></span> <span class='ocrx_word' id='word_1_188' title='bbox 249 3836 389 3910; x_wconf 88' lang='lat' dir='ltr'><strong>adeam</strong></span> <span class='ocrx_word' id='word_1_189' title='bbox 405 3833 685 3930; x_wconf 85' lang='lat' dir='ltr'><strong>multitudinem,</strong></span> <span class='ocrx_word' id='word_1_190' title='bbox 712 3859 819 3934; x_wconf 89' lang='lat' dir='ltr'><strong>quarn</strong></span> <span class='ocrx_word' id='word_1_191' title='bbox 836 3833 882 3908; x_wconf 88' lang='lat' dir='ltr'><strong>ad</strong></span> <span class='ocrx_word' id='word_1_192' title='bbox 899 3831 1076 3932; x_wconf 85' lang='lat' dir='ltr'><strong>capiunda</strong></span> <span class='ocrx_word' id='word_1_193' title='bbox 1092 3857 1190 3909; x_wconf 79' lang='lat' dir='ltr'><strong>arma</strong></span> 
     </span>
    </p>
   </div>
   <div class='ocr_carea' id='block_1_3' title="bbox 0 0 1340 4682">
    <p class='ocr_par' dir='ltr' id='par_1_4' title="bbox 0 0 1340 4682">
     <span class='ocr_line' id='line_1_30' title="bbox 0 0 1340 4682; baseline 0 4"><span class='ocrx_word' id='word_1_194' title='bbox 0 0 1340 4682; x_wconf 95' lang='lat' dir='ltr'><strong> </strong></span> 
     </span>
    </p>
   </div>
  </div>
 </body>
</html>
