2662 4686
426 364 770 460 Juaunrna
975 358 1096 473 ἰη
1160 464 1164 472 „

106 539 255 615 missum
279 535 412 610 facinus
429 536 635 630 miserabile,
668 539 704 612 ni
731 536 910 637 utrimque
938 543 1099 637 praemiffi

108 659 246 758 equites
264 683 341 732 rem
355 659 634 755 exploraviffent.
684 659 811 759 Igitur,
833 686 895 758 pro
913 681 1023 754 metu,
1046 691 1099 738 re-

110 801 216 880 pente
237 778 410 880 gaudium
427 799 604 871 exortum,
636 780 761 854 milites
789 780 876 854 alius
899 781 1007 856 alium
1029 783 1099 856 laeti
1143 785 1145 790 ’

111 902 306 999 adpellant,
337 901 413 998 ada
429 901 579 996 edocent
594 921 701 999 atque
717 903 862 976 audiunt
881 931 889 976 :
918 903 978 976 sua
1007 902 1099 1001 quis-

111 1047 184 1121 que
201 1021 306 1095 fortia
321 1020 412 1095 faita
424 1021 468 1094 ad
486 1023 618 1094 coelum
634 1019 732 1100 ferre.
783 1022 928 1121 Qrippe
952 1050 1004 1098 res
1033 1026 1099 1100 hu-

111 1169 228 1218 manae
245 1142 295 1215 ita
311 1139 378 1214 sese
395 1143 544 1216 habent:
576 1142 612 1214 in
629 1141 776 1217 viftoria
793 1145 850 1216 vel
867 1143 1003 1243 ignavis
1022 1147 1099 1244 glo-

110 1248 191 1342 riari
209 1263 317 1350 licet;
343 1262 497 1336 advorsae
515 1288 567 1336 res
584 1263 688 1336 etiam
705 1265 817 1337 bbnos
833 1266 1037 1340 detrattant.
1086 1331 1089 1336 ,

177 1374 277 1456 LlV.
320 1386 544 1457 Martinus
571 1383 614 1474 in
634 1383 743 1459 isdem
768 1387 881 1460 castris
911 1387 1100 1485 quatriduo
1147 1382 1151 1392 ’

116 1524 285 1596 moratus,
304 1503 436 1579 saucios
450 1531 533 1578 cum
546 1531 629 1578 cura
652 1506 776 1598 reficit,
796 1509 938 1582 meritos
956 1509 993 1580 in
1011 1535 1099 1605 prae-

116 1625 170 1699 liis
203 1651 301 1700 more
328 1625 460 1699 militia
501 1627 623 1716 donat,
659 1626 835 1700 universos
864 1629 900 1701 in
928 1605 1098 1702 concione

117 1750 239 1822 laudat
266 1767 372 1845 atque
398 1747 469 1846 agit
501 1746 651 1846 gratias;
679 1749 847 1838 hortatur,
871 1751 957 1822 “ad
974 1769 1100 1840 cetera,

114 1876 146 1914 “
166 1895 246 1967 quae
257 1868 348 1942 levia
365 1866 456 1958 sunt,
470 1886 587 1965 parem
602 1867 759 1940 animum
774 1887 894 1966 gerant
910 1896 918 1940 :
945 1895 1010 1966 pro
1025 1869 1099 1942 vic--

115 1996 144 2034 “
161 1987 253 2065 toria
275 1983 352 2062 satis
372 1986 449 2087 jam
478 2007 690 2085 pugnatum,
709 1987 859 2085 reliquos
879 1991 1012 2062 labdres
1037 2014 1101 2085 pro
1151 2025 1155 2050 ι

115 2116 145 2160 “
164 2109 288 2208 praeda
303 2106 410 2182 fore.'’
460 2109 600 2182 Tamen
616 2107 756 2184 interim
773 2109 966 2210 transfugas
984 2115 1017 2214 dt
1037 2109 1100 2183 ali-

117 2257 159 2305 os
176 2248 406 2328 opportunos,
438 2230 618 2328 Jugurtha
644 2229 706 2303 ubi
736 2231 909 2330 gentium,
936 2251 996 2304 aut
1014 2230 1103 2330 quid
1218 2239 1222 2252 '

116 2351 279 2451 agitaret,
303 2377 386 2424 cum
416 2349 577 2448 paucisne
594 2353 689 2442 effet,
718 2378 763 2424 an
781 2353 974 2426 exercitum
991 2354 1101 2446 habe-

113 2491 180 2564 ret,
206 2471 261 2546 uti
278 2469 346 2546 sese
363 2469 475 2544 vidus
493 2493 639 2570 gereret,
669 2475 895 2571 exploratum
913 2473 1013 2546 milit.
1052 2478 1103 2546 At

115 2593 175 2668 ille
192 2578 261 2668 sese
278 2592 313 2666 in
331 2595 408 2666 loca
423 2589 565 2667 saltuosa
592 2597 626 2665 dr
649 2614 773 2667 natura
800 2594 938 2666 munita
961 2617 1102 2689 recepe-

113 2733 169 2790 rat
186 2743 196 2788 :
225 2713 347 2812 ibique
364 2717 514 2812 cogebat
531 2714 726 2787 exercitum
743 2739 888 2787 numero
916 2711 1104 2785 hominum

118 2836 348 2935 ampliorem,
373 2835 432 2911 sed
458 2839 622 2910 hebetem
662 2834 928 2932 infirmumque,
961 2831 1036 2930 agri
1061 2858 1103 2904 ac

119 2957 255 3057 pecoris
273 2957 398 3056 magis,
430 2955 538 3056 quam
556 2957 652 3047 belli,
684 2956 868 3030 cultorem.
910 2953 1009 3028 Idea
1027 2979 1104 3054 gra-

117 3079 166 3152 tia
191 3079 389 3170 eveniebat,
418 3080 514 3178 quod
540 3098 663 3176 praeter
692 3076 805 3176 regios
833 3075 967 3174 equites
997 3101 1104 3186 nemo

118 3200 284 3275 omnium
311 3199 552 3274 Numidarum
586 3225 632 3272 ex
665 3197 750 3297 fuga
781 3223 902 3296 regem
928 3197 1078 3295 sequitur
1090 3224 1103 3282 ;

122 3346 192 3417 quo
215 3319 383 3420 cujusque
412 3314 547 3394 animus
571 3317 652 3410 fert,
680 3345 723 3392 eo
740 3317 953 3408 discedunt:
990 3341 1107 3412 neque

122 3440 157 3514 id
180 3441 357 3541 flagitium
375 3440 506 3514 militiae
527 3440 688 3514 duciturt
721 3440 769 3512 ita
785 3439 817 3512 se
835 3465 947 3513 mores
964 3438 1106 3510 habent.

121 3562 232 3660 Igitur
251 3563 422 3635 Metellus
435 3561 498 3636 ubi
510 3560 608 3635 videt
625 3561 716 3661 regis
734 3561 839 3633 etiam
857 3581 935 3632 tum
948 3556 1108 3649 animum
1147 3583 1149 3586 ·

123 3681 307 3768 ferocem3
345 3684 480 3756 bellum
513 3681 685 3772 renovari,
721 3679 986 3778 quod,nis1ex
1016 3676 1109 3752 illius
1190 3667 1195 3686 ’

123 3803 299 3898 lubidine,
320 3803 395 3901 geri
413 3805 544 3902 poffet3
572 3824 736 3900 praeterea
751 3801 912 3898 iniquum
937 3819 1111 3884 certamen

496 3923 652 4024 ·1a
