2664 4692
258 377 327 450 194
544 351 838 436 sirenem
870 352 1019 427 H1sr.

254 523 408 596 clutam:
439 523 619 623 pastusque
635 551 790 616 nemore,
808 523 844 598 in
862 549 938 621 quo,
952 545 1096 596 crocum
1115 519 1225 620 gigni·
1311 537 1312 540 ’

253 660 320 716 tur.
372 644 475 738 Prisc.
500 645 581 716 Non.

112 781 116 792 '
258 777 265 788 ‘
302 765 363 837 Ad
387 765 582 862 Olympum
607 785 712 864 atque
735 763 924 845 Phaselida,
976 763 1040 835 Pri
1051 789 1078 837 c.

302 886 414 982 Apud
438 887 630 981 Corycum.
681 887 778 959 Idem.

303 1007 413 1104 Apud
438 1007 553 1106 Lethe
579 1006 766 1104 oppidum,
797 1007 854 1081 cui
881 1032 1011 1080 nomen
1040 1003 1225 1080 oblivionis
1315 1055 1316 1116 p

253 1126 493 1200 condiderant.
545 1124 631 1198 Idem
649 1129 741 1200 Serv.
760 1130 804 1198 ad
820 1151 846 1197 1.
865 1129 1028 1198 AEneidos.

301 1245 473 1342 Repulsus
491 1274 510 1320 a
527 1249 642 1320 Lethe
659 1247 804 1344 oppido,
855 1245 940 1318 Idem
954 1245 1017 1318 Pri
1029 1272 1056 1318 c.

301 1367 413 1464 Apud
430 1367 623 1448 Mutinam,
666 1369 764 1438 Idem.

299 1488 410 1584 Apud
429 1488 601 1560 Praeneste
619 1489 762 1561 locatus.
812 1488 909 1570 Idem.

299 1607 425 1682 Medio
453 1607 535 1684 diei.
585 1609 715 1700 Meffus,

254 1748 256 1757 ⁴
299 1729 465 1827 Qietarn
482 1755 502 1802 a
520 1729 618 1802 bellis
637 1728 823 1801 civitatem.
873 1727 971 1800 Idem.

297 1850 439 1924 Militiae
463 1849 600 1946 peritus.
649 1849 746 1920 Idem.
1315 1943 1316 1946 Ἴ

297 1969 462 2044 Sertorius
491 1969 598 2066 portis
625 1971 764 2048 turbam
794 1967 1022 2058 morantibus,
1049 1971 1082 2042 δι
1113 1971 1222 2059 nullo,

249 2090 340 2164 utin
357 2109 484 2162 terrore
512 2087 609 2177 solet,
634 2088 766 2188 generis
784 2109 842 2162 aut
860 2087 996 2186 imperii
1012 2087 1221 2180 discrimine,

248 2235 309 2309 per
326 2210 490 2282 calonum
508 2233 667 2304 corpora,
686 2210 731 2284 ad
748 2208 906 2282 medium
924 2212 1017 2305 quasi
1031 2208 1114 2281 dein
1126 2209 1223 2308 super

248 2329 457 2402 adstantium
487 2326 648 2414 manibus
677 2326 713 2398 in
744 2353 885 2400 murum
914 2327 1090 2401 attollitur.
1142 2329 1221 2402 Non.

248 2451 343 2524 Seru.

295 2573 425 2670 Neque
440 2551 815 2670 detrususaliquotiens
831 2589 983 2644 terretur.
1010 2570 1110 2664 Prffc.
1127 2573 1150 2644 l.
1163 2596 1221 2644 xv.

294 2692 480 2767 Dubitavit
494 2691 568 2766 acio
585 2717 672 2789 pars.
722 2692 820 2762 Idem.

285 2818 394 2911 ¹Qos
412 2812 500 2886 inter
517 2837 694 2889 maxume.
746 2811 845 2904 Carff.

294 2937 454 3008 Rumore
483 2933 607 3030 prima.
659 2932 758 3025 Camf.

292 3052 393 3133 Idem
421 3050 532 3125 fecere
559 3051 725 3124 Odavius
756 3055 789 3124 δι
816 3055 873 3149 Q
890 3050 1012 3149 Caepio
1036 3055 1104 3126 fine
1123 3053 1218 3152 gravi

244 3169 445 3270 cujusquam
473 3171 741 3268 exspectatione,
767 3196 882 3268 neque
897 3169 976 3246 sane
992 3173 1114 3246 ambiti
1131 3175 1219 3270 pub·

243 3293 320 3366 lice.
372 3295 466 3364 Seru.
494 3294 538 3366 ad
564 3316 618 3364 1v.
647 3293 779 3368 AEneid.
808 3293 938 3364 Ambire
943 3290 1099 3390 fignificat
1114 3293 1156 3364 Θ
1171 3317 1219 3364 νο..

237 3439 327 3512 gare.
380 3413 543 3506 Sallustius
560 3415 592 3484 im
607 3410 796 3508 Jugurtha:
822 3412 910 3510 Qus
922 3437 975 3508 ego
990 3414 1081 3485 audio
1092 3415 1220 3500 ambire,

232 3537 389 3632 fatigare*
411 3559 466 3608 vos
483 3535 630 3630 fingulos.
681 3532 913 3604 Dicebatur&
928 3535 1027 3627 ambio
1043 3533 1141 3618 illum,
1163 3550 1221 3640 prt

241 3679 319 3750 rogo.
366 3657 528 3750 Sallussms
545 3658 637 3740 itt-1(
674 3651 774 3742 Idem
787 3651 900 3736 secere
919 3671 986 3738 etc.
1315 3663 1316 3666 ’
