2664 4692
676 467 762 530 IN

243 659 1143 744 ·M.Tonn.crcnnortnm

130 891 132 908 ’
247 873 297 970 D
358 873 399 968 E
452 871 494 969 C
555 872 596 970 L
651 879 697 971 A
761 867 1207 972 MATIO

355 1223 363 1238 ,
416 1155 540 1218 FALSO
558 1157 779 1250 SALLUSTIO
801 1157 1053 1234 nuseium,
1124 1209 1131 1216 .

239 1279 498 1434 Gnrvnnn
520 1358 553 1428 ὅτ
579 1354 701 1454 iniquo
717 1354 836 1428 animo
861 1353 1047 1428 maledicta
1072 1371 1134 1426 tua
1159 1377 1218 1450 pa=

236 1495 340 1566 rerer,
365 1478 423 1550 Μ.
442 1475 556 1566 Tulli,
575 1479 649 1550 fite
670 1474 791 1548 scirem
803 1473 940 1573 judicio
958 1473 1083 1572 magis,
1111 1499 1219 1572 quarn

181 1661 183 1666 ,
237 1597 365 1702 morbo
382 1593 504 1686 animi,
532 1595 722 1694 petulantia
745 1596 808 1672 ista
824 1595 885 1670 nti.
936 1596 1004 1668 Sed
1026 1619 1108 1670 cum
1134 1593 1170 1669 in
1188 1613 1222 1672 te

238 1743 354 1816 neque
373 1719 537 1807 modum,
558 1743 672 1816 neque
686 1695 688 1708 ,
701 1717 911 1792 modestiam
933 1717 1044 1790 ullam
1060 1713 1225 1792 animal..

239 1856 351 1926 vetto,
379 1835 595 1934 respondebo
612 1837 695 1911 tibi:
724 1837 789 1928 uti,
808 1841 957 1936 nquam
975 1836 1220 1910 maledicendo
1260 1927 1262 1932 ι

238 1959 460 2056 voluptatem
486 1957 632 2056 cepisti„
648 1984 727 2033 eam
755 1959 847 2032 male
872 1957 1048 2031 audiendo
1069 1956 1220 2040 amittas,
1326 1963 1327 2044 ζ

237 2078 314 2166 Ubi
339 2082 484 2179 querar?
514 2105 602 2178 quos
620 2078 837 2176 implorem?
865 2079 906 2152 Ρ.
932 2078 974 2151 C.
987 2076 1092 2174 diripi
1109 2101 1221 2176 remp,
1326 2061 1327 2080 ³

236 2217 341 2296 atque
357 2197 595 2288 andaciffumo
608 2197 737 2296 cuique
750 2201 816 2272 elle
833 2197 1012 2298 perfidia?
1040 2198 1138 2298 apud
1156 2222 1221 2294 po-

238 2319 366 2421 pulum
390 2323 438 2405 R,
465 2317 526 2414 qui
550 2317 598 2394 ita
627 2317 870 2417 largitionibus
894 2338 1077 2420 corruptus
1091 2317 1156 2408 est,
1171 2317 1230 2398 uti‘

237 2437 317 2528 sele,
344 2464 385 2512 ac
412 2433 564 2526 fortunas
596 2437 672 2518 snas
702 2441 841 2528 venales
875 2429 1030 2538 habeat?
1058 2464 1101 2512 an
1123 2437 1222 2538 apud
1325 2517 1326 2526 χ

238 2571 317 2652 vos',
344 2563 384 2634 P.
410 2562 452 2634 C.
478 2586 631 2660 quorum
653 2561 836 2636 auctoritas
860 2561 1067 2658 turpiliumo
1095 2558 1225 2658 cuique
1325 2609 1326 2662 r

238 2681 555 2763 &sceleratilsttmo
573 2681 726 2766 ludibrio
748 2681 822 2756 est?
851 2682 912 2760 ubi
928 2685 986 2756 Μ.
1004 2679 1146 2778 Tullius
1174 2682 1223 2754 le·
1325 2675 1326 2716 ³

239 2830 314 2904 ges,
334 2801 471 2902 judicia
490 2802 612 2902 populi
634 2805 681 2878 R.
698 2801 867 2894 defendit,
894 2821 1000 2902 atque
1022 2801 1058 2877 in
1081 2803 1150 2876 hoc
1168 2828 1224 2876 or-

238 2924 390 3000 dinexita
408 2924 622 3012 moderatur,
651 2926 745 3020 qnasi
770 2949 859 3000 unus
877 2923 1030 3022 reliquos
1058 2948 1104 3020 ex
1121 2921 1224 2996 fami·
1325 2951 1326 2960 ¹

124 3055 126 3062 '
238 3043 284 3120 lia
301 3043 366 3116 viri
384 3025 583 3133 clarillumi,
611 3041 782 3140 Scipionis
799 3031 972 3134 Africani,
999 3067 1129 3117 aenon
1147 3068 1224 3175 repa

238 3164 347 3255 titius,
374 3161 515 3266 accitur,
542 3187 582 3235 ac
600 3164 718 3260 paullo
734 3183 815 3244 ante
836 3164 955 3258 insitus
977 3162 1058 3237 huic
1074 3162 1206 3255 prbi
1176 3189 1226 3254 ct·.

238 3285 302 3362 vis.
354 3287 414 3357 An
443 3307 543 3373 vero,
570 3285 628 3356 Μ.
646 3283 758 3374 Tnlli,
786 3283 889 3375 sada,
915 3283 1063 3358 aedicta
1083 3303 1144 3358 tua
1160 3286 1225 3362 ob-,-

119 3397 122 3408 ¹
237 3405 335 3492 scura
351 3402 456 3478 sunt?
484 3428 530 3476 an
547 3405 682 3480 nonita
703 3429 723 3476 a
746 3404 891 3501 pueritia
907 3404 1036 3494 vixisti,
1062 3403 1114 3496 uti
1138 3405 1228 3511 nihil

241 3524 452 3626 flagitiosum
477 3523 618 3621 corpori
634 3543 698 3596 tuo
715 3545 866 3622 putares,
895 3526 993 3623 quod
1009 3525 1108 3599 alteri
1126 3526 1226 3604 colli<

239 3646 392 3721 buiffet?
433 3643 584 3735 Scilicet,
623 3645 724 3718 istam
756 3645 1023 3720 immoderatam
1055 3647 1223 3744 eloquen-

240 3767 325 3863 tiam
343 3768 436 3872 apud
455 3769 511 3841 Μ.
531 3764 693 3841 Pisonem
706 3791 778 3842 non
798 3766 974 3866 pudiciriae
989 3766 1128 3865 jactura
1145 3792 1223 3866 per-
