2672 4682
213 309 275 436 '70
446 320 1046 402 C.Cnrse18nr.ausr11
1146 329 1149 336 '

229 499 384 600 Micipsa
417 498 537 600 paucis
567 493 689 568 diebus
718 489 876 568 moritur.
926 487 1121 587 Postquam
1153 490 1226 583 illi,

230 651 331 702 more
359 623 471 722 regio,
491 619 583 720 justa
613 613 803 712 magnifice
842 609 1011 702 fecerant,
1039 611 1153 710 reguli
1183 613 1226 688 in

230 773 344 824 unum
363 764 571 828 convenere,
594 735 645 810 uti
673 734 763 808 inter
789 732 824 808 se
851 735 897 807 de
919 731 1053 810 cunetis
1065 735 1226 834 negotiis

231 865 468 966 disceptarent.
518 858 586 934 Sed
615 856 814 956 Hiempsal,
850 855 912 954 qui
953 854 1135 932 minumus
1173 883 1225 936 ex

198 1011 202 1022 ·
231 989 313 1079 illis,
339 1005 459 1062 natura
476 980 590 1072 serore,
618 980 724 1055 etiam
745 1001 847 1058 antea
872 977 1130 1078 ignobilitatem
1154 981 1224 1076 Ju-

233 1112 365 1211 gurthae
390 1104 493 1204 [quia
510 1123 671 1177 materno
702 1127 827 1202 genere
850 1101 967 1198 impar
984 1100 1078 1198 erat]
1105 1099 1224 1200 despi-

232 1233 338 1318 ciens,
355 1229 502 1304 dextera
518 1226 760 1299 Adherbalem
778 1221 929 1298 adsedit:
956 1247 1003 1295 ne
1019 1220 1158 1296 medius
1174 1249 1224 1298 ex

232 1352 354 1438 tribus,
384 1347 482 1445 quod
504 1347 600 1444 apud
624 1345 803 1422 Numidas
826 1342 952 1420 honori
969 1343 1129 1434 ducitur,
1155 1347 1224 1440 Ju-

231 1472 356 1572 gurtha
383 1465 484 1541 soret.
551 1467 646 1542 Dein
686 1489 818 1558 tamen,
847 1465 900 1540 uti
926 1464 1020 1538 aetati
1046 1467 1223 1541 concede-

230 1611 294 1680 ret,
334 1575 496 1688 satigatus
524 1615 545 1662 a
573 1588 689 1681 fratre,
728 1588 790 1664 vix
828 1587 865 1664 in
898 1605 1032 1686 partem
1076 1587 1224 1664 alteram

230 1707 447 1790 transdudus
465 1710 524 1784 est.
574 1707 731 1784 lbi'cum
748 1709 861 1782 multa
874 1710 920 1782 de
942 1707 1226 1785 administrando

180 1827 182 1832 ’
231 1831 379 1930 imperio
405 1831 619 1921 dissererent,
647 1833 825 1930 Jugurtha
847 1830 938 1904 inter
948 1831 1031 1904 alias
1047 1855 1101 1904 res
1111 1828 1222 1928 jacit:
1268 1879 1274 1894 ·

234 1977 441 2046 oportuna
493 1977 778 2040 Qaruwauurt
823 1977 1033 2026 consum
1082 1974 1224 2026 omum

119 2161 123 2171 ¹
232 2100 282 2153 ur
309 2087 496 2150 uncum
522 2099 728 2152 nasorum.
791 2099 882 2146 unm
909 2099 984 2148 run
1027 2096 1081 2148 aa
1117 2097 1226 2146 rum-

232 2219 337 2274 ronn
371 2218 617 2268 corneorum
669 2218 794 2266 nurus
838 2215 1041 2268 micresnu
1077 2217 1223 2270 eanum

233 2341 370 2392 nmmo
389 2339 593 2388 vnnurssa.
630 2315 729 2388 Tum
749 2339 869 2404 mnu,
897 2311 1097 2410 Hiempsal,
1127 2341 1226 2389 ran·

234 2461 336 2510 canu
357 2459 452 2525 s1u1,
476 2432 680 2531 respondit:
715 2460 806 2509 unm
834 2459 955 2508 iesum
983 2457 1114 2507 mauu
1136 2461 1228 2510 rnr-

233 2582 304 2632 uus
341 2543 415 2634 ⁸urs
464 2581 668 2632 ruoxuntrs
711 2558 894 2672 (iturus)x
924 2579 1223 2632 Auoernrroun

233 2703 280 2752 nt
299 2703 468 2754 uacuum
490 2679 899 2776 rnnvnurssn.Q10d
918 2677 1093 2752 verbum
1083 2705 1122 2751 m
1138 2705 1223 2776 pcc-

230 2819 286 2876 tus
299 2801 483 2900 Jugurthae
500 2798 616 2891 altius,
635 2826 743 2920 quam
759 2799 945 2899 quisquam
961 2817 1067 2891 ratus,
1081 2799 1224 2876 descen-

232 2919 297 2998 dit.
347 2923 470 3019 Itaque
497 2945 544 2994 ex
570 2947 613 2996 eo
637 2941 800 3023 tempore
827 2922 879 3002 ira
889 2927 943 2997 ’δε
973 2940 1071 2996 metu
1086 2903 1224 3000 anxius
1323 3001 1324 3005 ,

157 3109 162 3116 ,
233 3021 363 3129 moliri,
400 3067 535 3137 parare,
572 3063 677 3141 atque
716 3069 759 3118 ea
787 3046 899 3119 modo
928 3043 1047 3118 animo
1079 3044 1223 3134 habere,

232 3161 362 3259 quibus
380 3161 566 3259 Hiempsal
582 3189 645 3260 per
660 3165 786 3238 dolum
805 3185 997 3284 caperetur·
1047 3168 1139 3263 Qrae
1161 3165 1225 3238 ubi

232 3281 364 3360 tardius
395 3282 608 3378 procedunt,
646 3310 763 3383 neque
789 3287 917 3372 lenitur
943 3286 1081 3363 animus
1106 3283 1223 3378 ferox,

91 3489 94 3496 Ι
234 3401 352 3488 statuit
371 3401 497 3500 quovis
515 3405 653 3478 modo
644 3428 826 3506 rnceptum
846 3413 1025 3507 perlicere.

184 3569 188 3576 ·
250 3523 252 3526 ’
282 3525 367 3610 XII.
391 3525 527 3597 Pmruo
546 3547 739 3619 conventu,
759 3555 868 3628 quem
884 3534 930 3606 ab
946 3527 1077 3630 regulis
1089 3525 1224 3603 saelum

228 3638 335 3738 'supra
362 3643 569 3736 memoravi,
602 3668 746 3746 propter
773 3651 1017 3726 diffenfionem
1046 3651 1223 3747 placuerat

231 3761 346 3855 dividi
361 3763 550 3862 thesauros,
572 3765 718 3881 finisque
731 3769 867 3876 imperii
884 3772 1026 3879 ungulis
1042 3771 1221 3852 constitui.
