2672 4682
411 350 758 443 Jnannran.
1054 360 1101 456 69

103 537 136 578 “
154 529 394 606 amicissumos·
411 526 545 602 fecisti:
573 528 611 601 in
623 526 798 626 Hispania
816 509 1101 608 nomensamilia:

107 659 138 698 “
158 670 396 727 renovatum:
433 649 626 747 postremo,
650 649 748 749 quod
765 649 1029 726 difficillumum
1046 653 1100 727 in·
1156 699 1163 710 ·

53 853 56 859 ,
107 778 139 820 “
159 795 208 850 ter
236 771 410 864 mortalis,
448 771 560 870 gloria
593 769 766 845 invidiam
795 771 919 846 vicisti.
976 775 1100 867 Nunc,

109 903 139 940 “
157 895 333 996 quoniam
350 889 438 968 inihi
454 913 577 968 natura
596 892 677 967 vitae
690 893 799 967 finem
815 891 912 983 facit,
933 897 1099 992 perhanc

106 1025 135 1065 ‘⁶
154 1020 339 1106 dextram,
370 1041 432 1113 per
448 1015 561 1115 regni
579 1016 689 1090 fidem
716 1040 844 1088 moneo
861 1015 1100 1116 obtestorque,

107 1146 136 1183 “
152 1129 210 1212 'uti
238 1139 320 1228 hos,
352 1137 415 1235 qui
442 1136 505 1210 tibi
535 1163 663 1236 genere
694 1135 897 1235 propinqui,
928 1139 1100 1214 beneficio
1208 1151 1210 1156 ’

107 1268 140 1305 “’
157 1286 242 1335 meo
259 1258 378 1362 fratres
394 1256 489 1350 sunt,
504 1285 601 1334 caros
617 1261 768 1333 habeas:
794 1285 863 1332 neu
893 1259 993 1332 malis
1017 1259 1101 1338 alie·

107 1388 137 1428 ‘⁶
158 1408 224 1456 nos
241 1379 447 1480 adjungere,
475 1407 582 1480 quam
611 1378 778 1480 sanguine
795 1378 1001 1480 conjunttos
1018 1381 1100 1456 reti:

110 1510 141 1547 “
162 1528 252 1577 nere.
303 1505 393 1576 Non
410 1501 597 1592 exercitus,
626 1527 741 1600 neque
768 1502 918 1576 thesauri
947 1503 1101 1600 praesrdia

109 1625 257 1724 “regni
282 1622 377 1714 sunt,
412 1649 538 1698 verum
568 1621 687 1714 amici,
726 1649 814 1722 quos
847 1649 962 1722 neque
995 1625 1101 1698 armis

107 1753 138 1790 “
158 1771 298 1845 cogere,
338 1771 454 1843 neque
481 1771 566 1819 auro
597 1771 717 1844 parare
746 1770 878 1845 queas:
921 1737 1038 1818 offi'cio
1064 1752 1099 1821 8<

63 1921 66 1928 .
110 1873 142 1911 “
163 1868 234 1940 side
261 1866 452 1966 pariuntur.
514 1866 605 1967 Qis
642 1886 762 1942 autem
802 1864 961 1956 amicior,
992 1891 1101 1963 quam

109 1987 264 2061 “frater
288 1985 410 2062 fratri?
452 2006 513 2061 aut
548 2013 655 2087 quem
680 1986 836 2062 alienum
864 1988 979 2060 fidum
1000 1985 1099 2061 inve-

108 2115 139 2158 “
161 2111 253 2200 nies,
276 2112 300 2182 fi
323 2109 388 2184 tuis
408 2107 515 2196 hostis
545 2105 675 2183 fueris?
705 2108 976 2208 Equidem'ego
997 2108 1101 2184 vobis

110 2237 142 2276 “
161 2255 311 2331 regnum
329 2233 426 2305 trado
443 2233 603 2324 firmum,
622 2234 645 2304 sr
669 2230 754 2306 boni
782 2230 873 2305 eritis
884 2259 897 2318 3
927 2234 976 2303 sm
1000 2230 1121 2329 mali„

109 2352 390 2451 “imbecillum
453 2353 550 2427 Nam
584 2352 771 2427 concordia
797 2340 913 2450 parva·
936 2378 990 2426 res
1014 2348 1100 2426 eres-

109 2481 139 2519 “
155 2495 255 2568 cunt,
283 2474 453 2550 discordia
470 2501 646 2551 maxumae
667 2471 883 2552 dilabuntui.
934 2476 1101 2549 Ceterum

110 2603 235 2672 “ante
262 2599 328 2672 hos
357 2617 406 2690 re,
441 2599 632 2698 Jugurtha,
664 2597 726 2695 qui
750 2617 850 2671 aetate
877 2595 1102 2693 &sapientia

111 2719 254 2818 “prior
274 2745 325 2810 es,
352 2743 398 2793 ne
419 2719 517 2793 aliter
539 2719 628 2818 quid
650 2717 800 2810 eveniat,
826 2716 1014 2815 providere
1038 2717 1100 2788 de·

114 2846 143 2884 “
162 2861 230 2916 cet.
279 2842 379 2914 Nam
402 2839 440 2913 in
465 2840 563 2916 omni
589 2838 792 2928 certamine,
817 2838 879 2936 qui
900 2836 1103 2936 opulentior

112 2967 140 3012 “
157 2963 220 3054 est,
233 2939 353 3036 'etiam
377 2964 400 3034 sr
423 2961 551 3059 accipit
566 2959 741 3060 injuriam,
770 2959 853 3059 quia
875 2959 953 3058 plus
975 2959 1099 3058 potest,

112 3091 139 3127 “
156 3083 273 3158 facere
284 3083 437 3159 videtur.
461 3086 536 3157 Vos
548 3105 679 3174 autem,
695 3083 876 3157 Adherbal
895 3087 929 3156 δι
943 3083 1105 3180 Hiempf

112 3211 138 3273 “.
153 3203 217 3296 sal,
243 3205 360 3296 colite,
378 3203 569 3280 observate
585 3208 693 3279 talem
709 3207 804 3280 hunc
821 3205 951 3294 virum,
982 3203 1099 3277 imita-

112 3323 247 3402 “mini
277 3325 445 3401 virtutem
475 3330 509 3400 br
549 3325 734 3418 enitimini,
769 3353 813 3400 ne
848 3337 916 3426 ego'
941 3323 1101 3398 meliores

112 3451 138 3489 “
155 3449 288 3522 liberos
305 3445 454 3552 sumsrsse
471 3447 738 3548 videar,‘*quam
761 3445 952 3546 genuisse.''

165 3572 232 3645 Xl.
260 3573 324 3644 An
354 3595 395 3644 ea
417 3571 608 3669 Jugurtha,
635 3551 768 3642 tametsi
793 3593 915 3666 regem
940 3567 1022 3638 fieta
1044 3565 1097 3640 lo·

111 3708 234 3765 cuturn
259 3689 500 3789 intellegebat,
536 3684 671 3788 &ipse
712 3691 820 3788 longe
851 3687 947 3761 aliter
980 3673 1100 3762 animo

113 3809 289 3914 agitabat:
316 3829 437 3890 tamen
456 3837 520 3912 pro
542 3831 705 3910 tempore
733 3809 886 3918 benigne
912 3806 1101 3920 respondit·
