2672 4682
518 333 823 410 Cnr'rrrun.
1168 361 1188 436 5
1248 367 1285 378 ··

193 509 301 586 blicae
325 508 536 608 capiunda:
564 537 680 610 neque
691 511 729 584 id
746 511 875 609 quibus
892 511 1006 584 modis
1022 514 1188 610 adleque-

197 651 305 722 retur,
337 632 428 706 dum
446 631 507 707 fibi
524 657 674 731 regnum
703 651 850 730 pararet,
878 631 1073 730 quidquam
1095 635 1190 730 pensi

195 753 362 827 habebat.
376 753 587 852 Agitabatur
604 753 716 852 magis
729 753 910 852 magilque
923 752 960 825 in
969 752 1043 828 dies
1053 753 1189 828 animus

196 870 302 948 ferox
319 874 438 972 inopia
454 874 502 962 rei
519 872 711 964 familiaris,
730 878 763 948 δι
780 872 989 950 conscientia
1004 874 1186 950 scelerum:

196 1021 281 1092 quae
298 1015 446 1095 utraque
462 994 517 1068 his
534 995 663 1069 artibus
680 1015 838 1086 auxerat,
874 1022 960 1094 quas
989 992 1090 1092 supra
1113 1022 1187 1068 me-

104 1195 107 1202 ,
196 1116 347 1190 moravi.
410 1116 606 1192 Incitabant
640 1136 802 1214 praterea
845 1116 999 1214 corrupti
1037 1115 1188 1192 civitatis

196 1262 332 1326 mores,
363 1263 452 1335 quos
480 1238 636 1334 peffuma
668 1263 708 1310 ac
740 1236 875 1312 diversa
903 1237 993 1310 inter
1020 1235 1053 1310 se
1081 1239 1187 1328 mala,

196 1355 341 1430 luxuria
366 1377 470 1457 atque
497 1357 642 1430 avaritia
669 1361 856 1433 vexabant.
909 1362 981 1434 Res
1006 1355 1078 1455 ipsa
1106 1361 1187 1431 hor·

195 1477 263 1550 tari
280 1477 431 1567 videtur,
463 1477 632 1576 quoniam
649 1480 694 1554 de
711 1467 865 1556 moribus
882 1477 1032 1558 civitatis
1048 1499 1188 1576 tempus

196 1597 400 1688 admonuit,
451 1595 554 1696 supra
590 1619 758 1696 repetere,
794 1625 835 1673 ac
874 1598 992 1696 paucis
1032 1599 1188 1678 instituta

196 1716 377 1816 majorum
393 1719 493 1792 domi
509 1718 730 1817 militiaeque,
765 1720 947 1817 quomodo
973 1722 1186 1817 Rempubli·

195 1865 278 1912 cam
295 1838 493 1930 habuerint,
514 1860 754 1939 quantamque
767 1837 995 1936 reliquerint:
1026 1859 1065 1912 ut
1089 1845 1186 1938 paul.

196 1959 300 2034 latim
328 1961 526 2052 immutata,
559 1986 605 2036 ex
626 1959 871 2057 pulcherruma
898 1961 1053 2058 persuma
1068 1987 1108 2039 ac
1124 1965 1187 2038 fla-

198 2080 426 2179 gitiosrffuma
452 2080 543 2156 faita
571 2085 623 2171 srt,
651 2080 822 2156 disserere.

257 2201 317 2275 Vl.
344 2201 490 2276 Unnau
510 2205 682 2292 Romam,
707 2203 803 2279 sicuti
819 2228 889 2302 ego
905 2205 1038 2301 accepi,
1064 2207 1187 2280 condi,

198 2325 283 2400 dere
312 2343 417 2421 atque
446 2325 601 2400 habuere
628 2322 730 2396 initio
757 2322 915 2422 Trojani,
954 2325 1029 2424 qui,
1070 2326 1187 2402 AEnea

194 2445 306 2535 duce,
329 2443 486 2543 profugi,
505 2442 642 2518 sedibus
658 2428 797 2518 incertis
814 2448 1056 2544 vagabantur:
1084 2474 1185 2522 curn-

197 2591 269 2664 que
298 2564 351 2640 his
381 2564 594 2663 Aborigines
612 2591 723 2664 genus
739 2567 924 2642 hominum
940 2567 1088 2664 agreste,
1116 2573 1187 2642 fine

196 2687 351 2786 legibus,
383 2690 452 2760 fine
473 2685 636 2784 imperio,
656 2686 806 2760 liberum
820 2708 925 2785 atque
940 2687 1104 2764 solutum.
1131 2690 1186 2763 Hi

201 2808 391 2906 postquam
417 2807 454 2880 in
482 2834 552 2882 una
574 2807 706 2882 moenia
727 2833 936 2899 convenere,
970 2806 1099 2906 dispari
1124 2837 1186 2910 ge-

196 2954 296 3020 nere,
340 2915 494 3002 diffimili
518 2929 653 3028 lingua,
677 2926 764 3001 alius
780 2927 979 3004 alio=more
1001 2929 1183 3012 viventes:
1295 2925 1299 2932 ¹

195 3049 404 3124 incredibile
420 3071 618 3127 memoratu
643 3051 706 3141 est,
733 3077 840 3149 quarn
857 3048 956 3126 facile
983 3053 1185 3128 coaluerint.

193 3173 269 3246 Sed
296 3171 482 3270 postquam
503 3186 559 3246 tes
581 3197 702 3245 eorum
724 3171 874 3261 civibus,
902 3172 1072 3263 moribus,
1095 3173 1187 3271 agris

191 3296 311 3382 auita,
354 3291 430 3366 satis
456 3291 616 3392 prospera
638 3291 785 3392 satisque
810 3294 946 3389 pollens
973 3293 1183 3379 videbatur;

196 3413 296 3488 ficuti
321 3414 486 3511 pleraque
519 3413 721 3489 mortalium
756 3415 941 3504 habentur,
978 3411 1110 3486 invidia
1139 3440 1185 3489 ex

196 3532 379 3631 opulentia
407 3555 483 3608 orta
511 3533 569 3610 est.
620 3534 731 3633 lgitur
754 3559 851 3632 reges
885 3534 1080 3632 populique
1105 3535 1184 3608 fini,

198 3654 287 3728 tumi
311 3655 408 3728 bello
431 3675 587 3728 tentare:
616 3653 719 3752 pauci
742 3679 787 3728 ex
814 3654 934 3728 amicis
951 3651 1083 3730 auxilio
1101 3658 1179 3728 elle.

196 3772 295 3854 Natu
313 3775 415 3854 ceteri
433 3795 529 3856 metu
547 3777 690 3875 percuffi
711 3801 731 3849 a
753 3775 914 3875 periculis
928 3777 1081 3852 aberant.
1132 3779 1183 3853 At

529 3960 544 3980 f,
639 3897 667 3972 B
687 3921 707 4000 3
