2672 4682
219 301 303 392 48*
396 266 1039 384 ·,(ἶ.0,ιι,ι“εῐί8Αιι,σετιιἱ
1149 321 1152 330 ·

220 481 248 516 “
269 439 465 570 ἱηψΙοτεε.Ι
504 476 614 570 Capta
641 474 741 563 urbe,
780 469 867 545 nihil
902 471 941 543 fit
969 469 1095 568 reliqui
1125 471 1201 546 vic·

222 601 249 636 ‘⁴
270 595 325 668 tis.
374 596 457 684 Sed,
492 619 552 690 per
576 594 661 665 deos
686 589 908 683 immortalis,
942 617 1006 665 vos
1038 617 1107 690 ego
1138 594 1202 666 ad·

222 721 251 759 “
271 716 378 814 pello,
407 716 466 814 qui
477 713 609 810 semper
619 714 759 804 domos,
787 714 899 803 villas,
928 718 1037 811 signa,
1067 705 1204 787 tabulas

223 837 396 909 “vestras
420 833 537 932 pluris,
563 861 670 931 quam
691 835 961 933 rempublicam,
989 833 1138 908 fecistis:
1179 837 1204 910 fi
1300 903 1303 913 .

224 965 251 1001 “
270 956 343 1048 ista,
370 953 616 1052 cujuscumque
634 956 731 1028 modi
745 960 821 1047 sint,
841 983 919 1054 quae
931 955 1203 1053 amplexamini,

223 1085 252 1122 “
270 1077 425 1166 retinete,
453 1080 475 1149 si
501 1077 739 1172 voluptatibus
765 1077 882 1151 vestris
906 1077 1018 1150 otium
1046 1078 1205 1175 praebere

224 1209 252 1244 “
270 1197 394 1282 voltis;
438 1195 720 1294 expergiscimini·
751 1199 939 1296 aliquando
974 1203 1008 1272 ὅτ
1042 1199 1205 1294 capeffite

146 1373 150 1376 -
224 1329 252 1366 “
270 1316 533 1414 rempublicam.
583 1321 669 1390 Non
684 1317 799 1417 agitur
812 1321 857 1392 de
869 1317 1111 1417 vedigalibus,
1131 1344 1204 1391 non

224 1448 252 1486 “
272 1441 316 1512 de
328 1437 499 1511 sociorum
512 1436 645 1536 injuriis
659 1469 669 1525 ;
697 1439 834 1514 libertas
851 1445 884 1514 ἃ
900 1440 1019 1514 anima
1035 1439 1151 1514 nostra
1167 1439 1205 1513 in

222 1568 250 1606 “
268 1559 377 1634 dubio
387 1559 446 1631 est.
471 1561 569 1656 Saepe
581 1576 741 1652 nomem,
755 1563 873 1636 Patres
885 1545 1083 1658 conscriptiJ
1095 1563 1207 1636 multa

222 1689 250 1726 “
269 1683 376 1754 verba
392 1679 427 1751 in
446 1682 514 1753 hoc
532 1681 654 1754 ordine
670 1681 761 1756 feci:
782 1681 878 1780 -saepe
890 1685 934 1756 de
948 1683 1085 1756 luxuria
1098 1702 1207 1780 atque

222 1810 251 1847 “
268 1800 408 1876 avaritia
420 1802 616 1876 nostrorum
633 1803 765 1876 civium
782 1787 920 1902 questus
932 1803 1033 1890 sum3
1060 1803 1206 1877 multos-

223 1930 251 1967 “
270 1947 338 2020 que
356 1923 509 1996 mortalis
523 1950 563 1997 ea
576 1927 687 1998 caussa
698 1924 860 2001 advorsos
873 1928 997 2000 habeo
1047 1923 1120 2023 Qri
1134 1925 1206 1996 mi-

223 2052 250 2088 “
269 2043 305 2116 hi
321 2063 426 2140 atque
443 2045 561 2139 animo
574 2067 655 2119 meo
668 2046 797 2119 nullius
808 2073 981 2144 umquam
994 2045 1115 2120 delidli‘
1126 2071 1205 2144 gra-

223 2164 353 2236 “tiam
375 2161 542 2255 fecissem,
569 2167 664 2238 haud
686 2163 786 2238 facile
808 2166 944 2239 alterius
961 2167 1112 2240 lubidini
1131 2193 1206 2240 ma-

223 2291 250 2328 “
269 2281 391 2362 lefaua'
408 2289 665 2362 condonabam.
706 2282 806 2378 ·Sed,'
835 2313 875 2359 ea
891 2291 1024 2359 tametsi
1044 2315 1107 2361 vos
1126 2315 1206 2386 par-

163 2507 164 2511 *
223 2424 251 2482 ‘.‘
269 2414 306 2487 vi
325 2409 526 2511 pendebatis
538 2437 549 2495 ;
576 2428 694 2480 tamen
711 2405 903 2505 respublica
916 2409 1031 2496 firma,
1058 2409 1206 2505 opulen-

187 2587 189 2595 ν
223 2535 315 2608 “tia
338 2530 596 2631 neglegentiam
616 2531 796 2603 tolerabat.
846 2531 955 2602 Nunc
980 2553 1063 2602 vero
1080 2555 1152 2602 non
1170 2531 1208 2604 id

222 2665 250 2702 “
268 2655 395 2754 agitur,
422 2652 537 2744 bonis,
564 2678 608 2725 an
631 2651 731 2724 malis
752 2651 907 2725 moribus
930 2651 1117 2736 vivamus3
1145 2649 1223 2726 nel

223 2785 250 2820 “
270 2802 338 2874 que
355 2794 546 2874 quantump
573 2793 630 2846 aut
649 2799 756 2871 quam
773 2773 1002 2872 magnifieum
1019 2771 1206 2870 imperium

183 2941 186 2945 -
222 2905 250 2943 “
267 2895 394 2994 populi
418 2895 595 2970 Romani:
624 2893 684 2966 sed
700 2891 797 2991 cujus
822 2896 898 2968 haec
922 2919 1076 2990 cumque
1093 2893 1205 2984 modi,

222 3026 250 3066 ‘⁶
264 2997 398 3106 nostra,
425 3043 469 3088 an
496 3015 678 3088 nobiscum
704 3041 786 3104 una,
822 3013 974 3087 hostium
997 3011 1110 3088 sutura
1132 3018 1207 3092 sint.

224 3145 251 3184 “
271 3137 345 3212 Hic
358 3135 444 3208 mihi
457 3134 640 3234 quisquam
654 3134 955 3232 mansuetudinem
967 3139 1000 3208 &
1012 3132 1213 3220 misericor-x

222 3259 364 3334 “diam
388 3256 555 3328 nominat.
607 3257 826 3354 jampridem
853 3256 1019 3355 equidem
1039 3281 1103 3327 nos
1128 3279 1211 3329 vera
1300 3303 1303 3307 -

223 3389 251 3424 “
270 3396 384 3454 rerum
398 3379 569 3453 vocabula
581 3373 775 3464 amifimus3
807 3372 889 3476 quia
906 3380 1000 3451 bona
1015 3375 1125 3449 aliena
1141 3377 1208 3448 lar-

223 3511 251 3546 “
272 3501 354 3601 giri,
381 3498 588 3573 liberalitas
579 3555 588 3584 ‚
621 3499 794 3572 malarum
812 3524 928 3572 rerum
946 3495 1090 3570 audacia
1107 3469 1209 3568 sorti

223 3630 250 3668 “
269 3625 357 3695 tudo
370 3641 525 3695 vocatur.
546 3622 600 3692 Eo
614 3617 826 3717 respublica
818 3646 854 3691 tn
872 3637 1030 3692 extremo
1044 3618 1114 3687 fita.
1133 3615 1209 3690 Sint

224 3749 252 3796 “
270 3741 362 3834 sane3
388 3741 555 3845 quoniam
573 3741 619 3815 ita
635 3738 667 3814 se
685 3766 799 3820 mores
816 3741 959 3830 habent,
987 3735 1147 3848 liberales
1163 3759 1210 3818 ex
