2668 4698
290 286 818 408 la'sraausmn.
1017 313 1104 442 273·

100 499 370 600 aegerrimorum
394 500 565 593 virorum,
589 529 660 601 quo
693 501 773 579 usus
790 501 840 576 est
857 501 1001 602 quisque
1028 533 1088 580 eo-

100 646 196 712 rum,
224 635 289 718 pro
314 624 393 721 lege
415 625 532 720 palam
549 615 714 698 universrs
731 623 938 696 recitarem:
970 651 1088 700 nonne

101 743 166 818 tibi
189 741 326 816 viderer
349 763 494 816 aeternas
511 745 649 836 inurere
666 746 834 836 maculas,
851 771 936 844 quas
955 745 1089 843 reliqua

66 893 69 898 ·
101 865 174 939 vita
190 885 251 938 tua
266 867 381 938 eluere
398 891 471 937 non
489 868 617 962 poffit?
645 867 774 964 Neque
799 867 877 963 post
900 865 1002 938 illum
1026 867 1091 938 de·-

101 989 234 1060 lectum
260 985 396 1060 senatus
417 1007 453 1058 te
482 1013 655 1084 umquam
685 987 851 1062 vidimus.
902 987 977 1058 Nifi
1000 984 1090 1059 forte

102 1109 197 1213 inea
213 1130 248 1182 te
264 1107 372 1182 castra
391 1105 579 1210 coniecisti,
610 1135 682 1205 quo
707 1108 823 1182 omnis
851 1089 981 1183 sentina
1004 1107 1089 1206 reip.
1158 1147 1161 1154 ·

103 1233 335 1304 confluxerat.
386 1234 436 1302 At
453 1229 549 1302 idem
566 1229 760 1319 Sallustius,
790 1229 908 1329 quiin
933 1255 1019 1328 pace
1045 1255 1091 1304 ne

102 1349 239 1425 senator
255 1351 400 1448 quidem
429 1350 613 1442 manserat,
646 1351 765 1449 postea
791 1377 900 1449 quam
927 1349 1013 1447 resp.
1036 1375 1090 1425 ar·

102 1471 169 1546 mis
186 1473 345 1568 oppressa
362 1471 426 1562 est,
446 1475 480 1545 δι
503 1470 599 1546 idem
627 1472 763 1564 victors
780 1471 841 1570 qui
870 1472 1003 1548 exsules
1037 1497 1091 1546 re·
1181 1507 1183 1518 v

102 1591 223 1684 duxit,
253 1591 290 1665 in
314 1591 471 1666 senatum
506 1593 584 1690 post
614 1594 823 1692 quaesturam
845 1589 1006 1667 reductus
1029 1593 1089 1667 est.
1122 1671 1123 1675 ,

103 1712 226 1810 Qem
243 1715 414 1787 honorem
430 1713 478 1787 ita
495 1715 606 1812 geffit,
633 1733 672 1787 ut
689 1713 775 1788 nihil
804 1713 846 1786 in'
868 1739 910 1787 eo
934 1740 1006 1788 non
1028 1739 1093 1787 ve·

102 1835 181 1909 nale
199 1833 375 1924 habuerit,
394 1831 491 1933 cujus
509 1834 632 1932 aliquis
650 1856 761 1908 emtor
777 1832 888 1908 suerit.
949 1837 1005 1909 Ita
1020 1833 1089 1934 igi*
1190 1849 1192 1856 ’

103 1976 161 2029 tur·
177 1956 263 2055 egit,
290 1975 331 2028 ut
348 1955 437 2029 nihil
454 1980 526 2028 non
544 1981 701 2054 aequum,
732 1981 773 2040 ac
790 1980 912 2029 vetum
935 1954 1089 2046 duxerit,

104 2080 204 2176 quod
220 2080 282 2175 ipst
299 2075 412 2150 facere
425 2076 656 2152 collibuiffet:
685 2097 800 2176 neque
812 2077 909 2178 aliter
932 2076 1112 2187 vexavit&

104 2225 148 2274 ac
165 2197 298 2289 debuit,
318 2204 341 2274 st
360 2199 437 2297 quis
450 2200 577 2296 praedae
601 2200 681 2272 loco
704 2198 889 2297 accepisset
911 2197 1091 2297 magistra*

102 2341 195 2394 tum.
208 2321 351 2398 Peracta
367 2320 552 2419 quaestura,
567 2319 794 2418 posteaquam
812 2345 941 2420 magna
959 2319 1087 2420 pigno·

104 2441 201 2516 racis
214 2423 468 2532 dederatscum
487 2439 615 2538 quibus
632 2440 854 2516 fimilitudine
870 2441 951 2516 vitae
963 2437 997 2514 se
1007 2467 1094 2516 con·-

100 2561 278 2664 junxerat,
290 2545 383 2636 unus
400 2561 475 2661 jam
498 2587 543 2634 ex
566 2561 628 2645 illo
657 2559 763 2660 grege
782 2561 979 2636 videbatur.
1006 2559 1092 2659 Ejus
1122 2641 1123 2648 χ

24 2663 29 2674 ’
105 2685 200 2760 enim
213 2683 320 2782 partis
338 2683 516 2781 exemplar
532 2701 604 2756 erat
616 2681 808 2770 Sallustius,
823 2706 894 2780 quo
908 2701 1092 2777 tamquam

105 2806 141 2880 in
159 2806 271 2880 imam
293 2803 498 2904 voraginem
516 2813 630 2878 coetus
655 2802 816 2876 omniurn
838 2801 1007 2876 vitiorum
1027 2826 1090 2874 ex-

103 2929 272 3002 cefferat:
304 2924 479 3024 quidquid
502 2923 778 3021 impudicorum,
802 2922 986 3014 cillonum,
1014 2948 1091 3021 par-

104 3051 310 3140 ricidarum,
333 3045 592 3144 sacrilegorum,
617 3042 821 3118 debitorum
842 3039 907 3117 fuit
930 3043 967 3116 in
991 3045 1091 3136 urbe,
1135 3139 1138 3143 Ι
1194 3030 1201 3038 “

104 3167 319 3266 municipiis,
334 3167 492 3256 coloniis,
508 3165 607 3240 ltalia
623 3177 723 3256 tota,'
736 3167 819 3238 ficut
836 3164 872 3238 in
890 3163 997 3256 fretis,
1012 3159 1091 3240 sub'-

103 3289 275 3377 sederant3
298 3286 452 3361 nominis
478 3285 619 3384 perditi,
653 3311 693 3358 ac
718 3285 896 3377 notiffimi,
935 3285 1032 3358 nulla
1054 3284 1092 3356 in

104 3398 206 3507 parte
225 3407 338 3482 castris
360 3408 445 3505 apti,
469 3406 532 3480 nifi
561 3406 699 3482 licentia
728 3405 910 3496 vitiorum,
928 3408 966 3478 ¹&
990 3401 1091 3502 cupi-

103 3531 213 3606 ditate
238 3555 353 3603 rerum
378 3553 561 3600 novarum.

120 3665 125 3680 ’
154 3655 207 3724 At
233 3650 350 3746 postea
369 3674 476 3746 quam
495 3667 623 3748 praetor
638 3645 748 3720 fadus
778 3645 841 3735 est,
872 3640 1028 3717 modeste
1057 3641 1091 3716 se

105 3773 206 3869 gessit
224 3775 257 3844 δε
276 3769 499 3844 abstinenter.
549 3770 681 3844 Nonne
699 3766 746 3843 ita
763 3763 982 3864 provinciam
1017 3761 1097 3840 vas-

599 3888 635 3964 T
