<?xml version="1.0" encoding="UTF-8"?>
<!DOCTYPE html PUBLIC "-//W3C//DTD XHTML 1.0 Transitional//EN"
    "http://www.w3.org/TR/xhtml1/DTD/xhtml1-transitional.dtd">
<html xmlns="http://www.w3.org/1999/xhtml" xml:lang="en" lang="en">
 <head>
  <title>
</title>
<meta http-equiv="Content-Type" content="text/html;charset=utf-8" />
  <meta name='ocr-system' content='tesseract 3.04.00' />
  <meta name='ocr-capabilities' content='ocr_page ocr_carea ocr_par ocr_line ocrx_word'/>
</head>
<body>
  <div class='ocr_page' id='page_1' title='image "./caiicrispisallu00sallgoog_0316.png"; bbox 0 0 2668 4698; ppageno 0'>
   <div class='ocr_carea' id='block_1_1' title="bbox 239 337 1088 442">
    <p class='ocr_par' dir='ltr' id='par_1_1' title="bbox 239 337 1088 442">
     <span class='ocr_line' id='line_1_1' title="bbox 239 337 1088 442; baseline -0.009 -24"><span class='ocrx_word' id='word_1_1' title='bbox 239 345 307 442; x_wconf 80' lang='lat'>308</span> <span class='ocrx_word' id='word_1_2' title='bbox 407 341 549 414; x_wconf 76' lang='lat' dir='ltr'>Porcii</span> <span class='ocrx_word' id='word_1_3' title='bbox 576 341 786 412; x_wconf 76' lang='lat' dir='ltr'>Latronis</span> <span class='ocrx_word' id='word_1_4' title='bbox 809 337 1088 412; x_wconf 75' lang='lat' dir='ltr'>Ductnnnrro</span> 
     </span>
    </p>
   </div>
   <div class='ocr_carea' id='block_1_2' title="bbox 137 511 1228 3862">
    <p class='ocr_par' dir='ltr' id='par_1_2' title="bbox 137 511 1228 3862">
     <span class='ocr_line' id='line_1_2' title="bbox 239 511 1217 611; baseline 0 -25"><span class='ocrx_word' id='word_1_5' title='bbox 239 516 364 588; x_wconf 91' lang='lat' dir='ltr'>darum</span> <span class='ocrx_word' id='word_1_6' title='bbox 394 511 505 588; x_wconf 85' lang='lat' dir='ltr'><strong>forsan</strong></span> <span class='ocrx_word' id='word_1_7' title='bbox 531 513 699 588; x_wconf 88' lang='lat' dir='ltr'>rationem</span> <span class='ocrx_word' id='word_1_8' title='bbox 719 511 874 611; x_wconf 84' lang='lat' dir='ltr'>aliquam</span> <span class='ocrx_word' id='word_1_9' title='bbox 903 511 1068 609; x_wconf 88' lang='lat' dir='ltr'>consequi</span> <span class='ocrx_word' id='word_1_10' title='bbox 1103 515 1217 608; x_wconf 82' lang='lat' dir='ltr'>pollis,</span> 
     </span>
     <span class='ocr_line' id='line_1_3' title="bbox 240 633 1217 732; baseline -0.002 -24"><span class='ocrx_word' id='word_1_11' title='bbox 240 634 469 711; x_wconf 83' lang='lat' dir='ltr'>sanandamm</span> <span class='ocrx_word' id='word_1_12' title='bbox 492 635 642 706; x_wconf 85' lang='lat' dir='ltr'>nullam:</span> <span class='ocrx_word' id='word_1_13' title='bbox 671 655 785 708; x_wconf 92' lang='lat' dir='ltr'>necte</span> <span class='ocrx_word' id='word_1_14' title='bbox 803 633 1115 732; x_wconf 80' lang='lat' dir='ltr'>ptiusamiss&#39;unrm</span> <span class='ocrx_word' id='word_1_15' title='bbox 1139 659 1217 731; x_wconf 88' lang='lat' dir='ltr'>per-</span> 
     </span>
     <span class='ocr_line' id='line_1_4' title="bbox 241 753 1216 851; baseline -0.002 -23"><span class='ocrx_word' id='word_1_16' title='bbox 241 760 435 830; x_wconf 79' lang='lat' dir='ltr'>versitatem</span> <span class='ocrx_word' id='word_1_17' title='bbox 454 754 552 826; x_wconf 90' lang='lat' dir='ltr'>istam</span> <span class='ocrx_word' id='word_1_18' title='bbox 570 753 675 828; x_wconf 89' lang='lat' dir='ltr'>animi</span> <span class='ocrx_word' id='word_1_19' title='bbox 695 773 796 851; x_wconf 88' lang='lat' dir='ltr'>put0,</span> <span class='ocrx_word' id='word_1_20' title='bbox 815 781 921 851; x_wconf 84' lang='lat' dir='ltr'>quam</span> <span class='ocrx_word' id='word_1_21' title='bbox 934 753 1044 830; x_wconf 90' lang='lat' dir='ltr'>vitam</span> <span class='ocrx_word' id='word_1_22' title='bbox 1056 753 1216 828; x_wconf 84' lang='lat' dir='ltr'>amiseris.</span> 
     </span>
     <span class='ocr_line' id='line_1_5' title="bbox 242 873 1216 972; baseline 0.004 -28"><span class='ocrx_word' id='word_1_23' title='bbox 242 879 379 950; x_wconf 87' lang='lat' dir='ltr'>Vellem</span> <span class='ocrx_word' id='word_1_24' title='bbox 396 873 613 948; x_wconf 89' lang='lat' dir='ltr'>revivisceres</span> <span class='ocrx_word' id='word_1_25' title='bbox 632 876 747 948; x_wconf 85' lang='lat' dir='ltr'><strong>Ahala</strong></span> <span class='ocrx_word' id='word_1_26' title='bbox 762 874 898 965; x_wconf 87' lang='lat' dir='ltr'>Servili,</span> <span class='ocrx_word' id='word_1_27' title='bbox 923 900 993 948; x_wconf 91' lang='lat' dir='ltr'>non</span> <span class='ocrx_word' id='word_1_28' title='bbox 1016 877 1216 972; x_wconf 66' lang='lat' dir='ltr'>expedime-</span> 
     </span>
     <span class='ocr_line' id='line_1_6' title="bbox 241 993 1217 1092; baseline -0.002 -22"><span class='ocrx_word' id='word_1_29' title='bbox 241 1024 319 1070; x_wconf 91' lang='lat' dir='ltr'>mus</span> <span class='ocrx_word' id='word_1_30' title='bbox 347 996 547 1070; x_wconf 86' lang='lat' dir='ltr'>sententiam</span> <span class='ocrx_word' id='word_1_31' title='bbox 569 995 744 1092; x_wconf 89' lang='lat' dir='ltr'>judicum,</span> <span class='ocrx_word' id='word_1_32' title='bbox 777 1021 891 1092; x_wconf 89' lang='lat' dir='ltr'>neque</span> <span class='ocrx_word' id='word_1_33' title='bbox 919 994 1015 1072; x_wconf 91' lang='lat' dir='ltr'>abuti</span> <span class='ocrx_word' id='word_1_34' title='bbox 1042 993 1217 1092; x_wconf 88' lang='lat' dir='ltr'>majestate</span> 
     </span>
     <span class='ocr_line' id='line_1_7' title="bbox 242 1115 1216 1215; baseline -0.002 -25"><span class='ocrx_word' id='word_1_35' title='bbox 242 1119 397 1207; x_wconf 89' lang='lat' dir='ltr'>Senatus,</span> <span class='ocrx_word' id='word_1_36' title='bbox 420 1138 524 1212; x_wconf 88' lang='lat' dir='ltr'>atque</span> <span class='ocrx_word' id='word_1_37' title='bbox 540 1116 720 1190; x_wconf 86' lang='lat' dir='ltr'>autoritate</span> <span class='ocrx_word' id='word_1_38' title='bbox 737 1115 860 1214; x_wconf 87' lang='lat' dir='ltr'>populi</span> <span class='ocrx_word' id='word_1_39' title='bbox 877 1119 985 1191; x_wconf 88' lang='lat' dir='ltr'>Rom.</span> <span class='ocrx_word' id='word_1_40' title='bbox 1003 1115 1061 1188; x_wconf 89' lang='lat' dir='ltr'>sed</span> <span class='ocrx_word' id='word_1_41' title='bbox 1078 1116 1216 1215; x_wconf 86' lang='lat' dir='ltr'>inagni-</span> 
     </span>
     <span class='ocr_line' id='line_1_8' title="bbox 243 1235 1218 1334; baseline -0.002 -24"><span class='ocrx_word' id='word_1_42' title='bbox 243 1239 402 1314; x_wconf 84' lang='lat' dir='ltr'>tudinem</span> <span class='ocrx_word' id='word_1_43' title='bbox 420 1236 504 1310; x_wconf 88' lang='lat' dir='ltr'>tanti</span> <span class='ocrx_word' id='word_1_44' title='bbox 522 1235 658 1333; x_wconf 86' lang='lat' dir='ltr'>fiagitii,</span> <span class='ocrx_word' id='word_1_45' title='bbox 687 1235 853 1334; x_wconf 87' lang='lat' dir='ltr'>sanguine</span> <span class='ocrx_word' id='word_1_46' title='bbox 868 1255 930 1310; x_wconf 90' lang='lat' dir='ltr'>tuo</span> <span class='ocrx_word' id='word_1_47' title='bbox 957 1235 1070 1310; x_wconf 90' lang='lat' dir='ltr'>statim</span> <span class='ocrx_word' id='word_1_48' title='bbox 1097 1236 1218 1333; x_wconf 85' lang='lat' dir='ltr'>expia-</span> 
     </span>
     <span class='ocr_line' id='line_1_9' title="bbox 245 1356 1218 1455; baseline -0.002 -25"><span class='ocrx_word' id='word_1_49' title='bbox 245 1358 355 1432; x_wconf 79' lang='lat' dir='ltr'>vines.</span> <span class='ocrx_word' id='word_1_50' title='bbox 406 1358 503 1430; x_wconf 88' lang='lat' dir='ltr'>Nam</span> <span class='ocrx_word' id='word_1_51' title='bbox 520 1357 564 1430; x_wconf 88' lang='lat' dir='ltr'>de</span> <span class='ocrx_word' id='word_1_52' title='bbox 581 1358 723 1430; x_wconf 88' lang='lat' dir='ltr'>Senatus</span> <span class='ocrx_word' id='word_1_53' title='bbox 747 1358 925 1430; x_wconf 89' lang='lat' dir='ltr'>voluntate</span> <span class='ocrx_word' id='word_1_54' title='bbox 951 1356 1037 1430; x_wconf 92' lang='lat' dir='ltr'>nihil</span> <span class='ocrx_word' id='word_1_55' title='bbox 1066 1357 1218 1455; x_wconf 87' lang='lat' dir='ltr'>ambigi-</span> 
     </span>
     <span class='ocr_line' id='line_1_10' title="bbox 244 1476 1217 1576; baseline -0.006 -20"><span class='ocrx_word' id='word_1_56' title='bbox 244 1503 337 1567; x_wconf 86' lang='lat' dir='ltr'>mus,</span> <span class='ocrx_word' id='word_1_57' title='bbox 363 1478 469 1552; x_wconf 90' lang='lat' dir='ltr'>modo</span> <span class='ocrx_word' id='word_1_58' title='bbox 482 1502 554 1552; x_wconf 90' lang='lat' dir='ltr'>non</span> <span class='ocrx_word' id='word_1_59' title='bbox 567 1476 791 1575; x_wconf 87' lang='lat' dir='ltr'>impediretur</span> <span class='ocrx_word' id='word_1_60' title='bbox 807 1478 958 1576; x_wconf 84' lang='lat' dir='ltr'>legibus,</span> <span class='ocrx_word' id='word_1_61' title='bbox 982 1498 1124 1574; x_wconf 91' lang='lat' dir='ltr'>repente</span> <span class='ocrx_word' id='word_1_62' title='bbox 1140 1505 1217 1576; x_wconf 89' lang='lat' dir='ltr'>pro-</span> 
     </span>
     <span class='ocr_line' id='line_1_11' title="bbox 245 1595 1219 1695; baseline 0.001 -24"><span class='ocrx_word' id='word_1_63' title='bbox 245 1595 337 1672; x_wconf 78' lang='lat' dir='ltr'>fatto</span> <span class='ocrx_word' id='word_1_64' title='bbox 364 1595 476 1672; x_wconf 88' lang='lat' dir='ltr'>fueras</span> <span class='ocrx_word' id='word_1_65' title='bbox 508 1624 628 1695; x_wconf 85' lang='lat' dir='ltr'>poenas</span> <span class='ocrx_word' id='word_1_66' title='bbox 654 1597 838 1694; x_wconf 85' lang='lat' dir='ltr'>impietatis</span> <span class='ocrx_word' id='word_1_67' title='bbox 854 1619 920 1673; x_wconf 85' lang='lat' dir='ltr'>tuae</span> <span class='ocrx_word' id='word_1_68' title='bbox 938 1597 1152 1695; x_wconf 77' lang='lat' dir='ltr'>dignissimas</span> <span class='ocrx_word' id='word_1_69' title='bbox 1170 1601 1219 1672; x_wconf 91' lang='lat' dir='ltr'>la·</span> 
     </span>
     <span class='ocr_line' id='line_1_12' title="bbox 244 1717 1217 1810; baseline 0 -18"><span class='ocrx_word' id='word_1_70' title='bbox 244 1738 352 1792; x_wconf 92' lang='lat' dir='ltr'>turus.</span> <span class='ocrx_word' id='word_1_71' title='bbox 402 1719 552 1792; x_wconf 90' lang='lat' dir='ltr'>Utinam</span> <span class='ocrx_word' id='word_1_72' title='bbox 586 1721 743 1796; x_wconf 89' lang='lat' dir='ltr'>Deorum</span> <span class='ocrx_word' id='word_1_73' title='bbox 772 1717 1026 1794; x_wconf 83' lang='lat' dir='ltr'>immortalium</span> <span class='ocrx_word' id='word_1_74' title='bbox 1058 1745 1217 1810; x_wconf 87' lang='lat' dir='ltr'>munere,</span> 
     </span>
     <span class='ocr_line' id='line_1_13' title="bbox 246 1825 1218 1937; baseline -0.002 -23"><span class='ocrx_word' id='word_1_75' title='bbox 246 1840 402 1936; x_wconf 89' lang='lat' dir='ltr'>Judices,</span> <span class='ocrx_word' id='word_1_76' title='bbox 422 1859 589 1928; x_wconf 88' lang='lat' dir='ltr'>mentem,</span> <span class='ocrx_word' id='word_1_77' title='bbox 607 1860 712 1937; x_wconf 89' lang='lat' dir='ltr'>atque</span> <span class='ocrx_word' id='word_1_78' title='bbox 729 1838 887 1912; x_wconf 90' lang='lat' dir='ltr'>animum</span> <span class='ocrx_word' id='word_1_79' title='bbox 903 1825 1002 1936; x_wconf 83' lang='lat' dir='ltr'>hujus</span> <span class='ocrx_word' id='word_1_80' title='bbox 1019 1829 1218 1937; x_wconf 62' lang='lat' dir='ltr'>int&#39;rospicess</span> 
     </span>
     <span class='ocr_line' id='line_1_14' title="bbox 246 1957 1222 2058; baseline 0 -26"><span class='ocrx_word' id='word_1_81' title='bbox 246 1985 374 2048; x_wconf 78' lang='lat' dir='ltr'>temne,</span> <span class='ocrx_word' id='word_1_82' title='bbox 393 1985 437 2032; x_wconf 90' lang='lat' dir='ltr'>ne</span> <span class='ocrx_word' id='word_1_83' title='bbox 454 1986 524 2056; x_wconf 91' lang='lat' dir='ltr'>qua</span> <span class='ocrx_word' id='word_1_84' title='bbox 541 1957 641 2034; x_wconf 90' lang='lat' dir='ltr'>vobis</span> <span class='ocrx_word' id='word_1_85' title='bbox 659 1963 756 2034; x_wconf 87' lang='lat' dir='ltr'>fieret</span> <span class='ocrx_word' id='word_1_86' title='bbox 773 1958 939 2057; x_wconf 90' lang='lat' dir='ltr'>puniendi</span> <span class='ocrx_word' id='word_1_87' title='bbox 953 1958 1141 2049; x_wconf 82' lang='lat' dir='ltr'>dubitatio,</span> <span class='ocrx_word' id='word_1_88' title='bbox 1162 1961 1222 2058; x_wconf 94' lang='lat' dir='ltr'>qui</span> 
     </span>
     <span class='ocr_line' id='line_1_15' title="bbox 247 2078 1224 2178; baseline 0 -24"><span class='ocrx_word' id='word_1_89' title='bbox 247 2099 385 2156; x_wconf 90' lang='lat' dir='ltr'>tantum</span> <span class='ocrx_word' id='word_1_90' title='bbox 411 2078 577 2154; x_wconf 88' lang='lat' dir='ltr'>scelerum</span> <span class='ocrx_word' id='word_1_91' title='bbox 603 2081 744 2178; x_wconf 82' lang='lat' dir='ltr'>ingenio</span> <span class='ocrx_word' id='word_1_92' title='bbox 773 2079 1000 2155; x_wconf 84' lang='lat' dir='ltr'>conflaviffet.</span> <span class='ocrx_word' id='word_1_93' title='bbox 1052 2079 1224 2154; x_wconf 89' lang='lat' dir='ltr'>Videretis</span> 
     </span>
     <span class='ocr_line' id='line_1_16' title="bbox 247 2199 1223 2298; baseline 0.003 -26"><span class='ocrx_word' id='word_1_94' title='bbox 247 2199 345 2274; x_wconf 87' lang='lat' dir='ltr'>enim</span> <span class='ocrx_word' id='word_1_95' title='bbox 361 2219 517 2274; x_wconf 87' lang='lat' dir='ltr'>mentem</span> <span class='ocrx_word' id='word_1_96' title='bbox 545 2201 763 2272; x_wconf 86' lang='lat' dir='ltr'>anhelantem</span> <span class='ocrx_word' id='word_1_97' title='bbox 789 2200 1011 2274; x_wconf 81' lang='lat' dir='ltr'>tristissimum</span> <span class='ocrx_word' id='word_1_98' title='bbox 1030 2225 1140 2298; x_wconf 81' lang='lat' dir='ltr'>genus</span> <span class='ocrx_word' id='word_1_99' title='bbox 1158 2202 1223 2274; x_wconf 87' lang='lat' dir='ltr'>rni-</span> 
     </span>
     <span class='ocr_line' id='line_1_17' title="bbox 247 2318 1221 2413; baseline 0.005 -23"><span class='ocrx_word' id='word_1_100' title='bbox 247 2343 385 2408; x_wconf 86' lang='lat' dir='ltr'>narum,</span> <span class='ocrx_word' id='word_1_101' title='bbox 414 2337 569 2392; x_wconf 88' lang='lat' dir='ltr'>mentem</span> <span class='ocrx_word' id='word_1_102' title='bbox 586 2320 861 2395; x_wconf 85' lang='lat' dir='ltr'>debacchantem</span> <span class='ocrx_word' id='word_1_103' title='bbox 888 2318 1044 2392; x_wconf 89' lang='lat' dir='ltr'>inaudita</span> <span class='ocrx_word' id='word_1_104' title='bbox 1070 2319 1221 2413; x_wconf 89' lang='lat' dir='ltr'>feritate,</span> 
     </span>
     <span class='ocr_line' id='line_1_18' title="bbox 248 2436 1226 2531; baseline 0.002 -19"><span class='ocrx_word' id='word_1_105' title='bbox 248 2436 421 2512; x_wconf 79' lang='lat' dir='ltr'>furentem</span> <span class='ocrx_word' id='word_1_106' title='bbox 438 2439 630 2520; x_wconf 85' lang='lat' dir='ltr'>incredibili</span> <span class='ocrx_word' id='word_1_107' title='bbox 648 2439 795 2531; x_wconf 83' lang='lat' dir='ltr'>vesania,</span> <span class='ocrx_word' id='word_1_108' title='bbox 814 2441 981 2514; x_wconf 84' lang='lat' dir='ltr'>sitientem</span> <span class='ocrx_word' id='word_1_109' title='bbox 997 2439 1123 2514; x_wconf 90' lang='lat' dir='ltr'>cruoris</span> <span class='ocrx_word' id='word_1_110' title='bbox 1150 2443 1226 2514; x_wconf 91' lang='lat' dir='ltr'>Ur-</span> 
     </span>
     <span class='ocr_line' id='line_1_19' title="bbox 248 2546 1227 2660; baseline 0.002 -26"><span class='ocrx_word' id='word_1_111' title='bbox 248 2559 344 2650; x_wconf 87' lang='lat' dir='ltr'>bani,</span> <span class='ocrx_word' id='word_1_112' title='bbox 376 2562 499 2657; x_wconf 85' lang='lat' dir='ltr'>praedae</span> <span class='ocrx_word' id='word_1_113' title='bbox 517 2546 760 2652; x_wconf 78' lang='lat' dir='ltr'>avidissimam,</span> <span class='ocrx_word' id='word_1_114' title='bbox 787 2562 899 2652; x_wconf 85' lang='lat' dir='ltr'>vobis,</span> <span class='ocrx_word' id='word_1_115' title='bbox 926 2581 1036 2660; x_wconf 88' lang='lat' dir='ltr'>atque</span> <span class='ocrx_word' id='word_1_116' title='bbox 1062 2560 1227 2636; x_wconf 90' lang='lat' dir='ltr'>omnibus</span> 
     </span>
     <span class='ocr_line' id='line_1_20' title="bbox 248 2678 1133 2780; baseline 0.006 -26"><span class='ocrx_word' id='word_1_117' title='bbox 248 2678 352 2770; x_wconf 85' lang='lat' dir='ltr'>ferro,</span> <span class='ocrx_word' id='word_1_118' title='bbox 380 2684 594 2780; x_wconf 90' lang='lat' dir='ltr'>flammaque</span> <span class='ocrx_word' id='word_1_119' title='bbox 619 2681 866 2763; x_wconf 51' lang='lat' dir='ltr'>maritantem(</span> <span class='ocrx_word' id='word_1_120' title='bbox 1130 2693 1133 2704; x_wconf 81' lang='lat'>&#39;</span> 
     </span>
     <span class='ocr_line' id='line_1_21' title="bbox 299 2801 1224 2900; baseline 0.003 -24"><span class='ocrx_word' id='word_1_121' title='bbox 299 2804 452 2876; x_wconf 88' lang='lat' dir='ltr'>XXVII.</span> <span class='ocrx_word' id='word_1_122' title='bbox 479 2801 665 2876; x_wconf 91' lang='lat' dir='ltr'>Catilinam</span> <span class='ocrx_word' id='word_1_123' title='bbox 690 2801 791 2876; x_wconf 85' lang='lat' dir='ltr'>vobis</span> <span class='ocrx_word' id='word_1_124' title='bbox 803 2803 1133 2894; x_wconf 84' lang='lat' dir='ltr'>demonstravimus,</span> <span class='ocrx_word' id='word_1_125' title='bbox 1162 2807 1224 2900; x_wconf 91' lang='lat' dir='ltr'>Ju-</span> 
     </span>
     <span class='ocr_line' id='line_1_22' title="bbox 249 2920 1225 3020; baseline 0.006 -28"><span class='ocrx_word' id='word_1_126' title='bbox 249 2921 358 3009; x_wconf 90' lang='lat' dir='ltr'>dices,</span> <span class='ocrx_word' id='word_1_127' title='bbox 378 2920 547 2996; x_wconf 87' lang='lat' dir='ltr'>irritatum</span> <span class='ocrx_word' id='word_1_128' title='bbox 564 2920 711 3020; x_wconf 84' lang='lat' dir='ltr'>persaepe</span> <span class='ocrx_word' id='word_1_129' title='bbox 728 2923 867 3020; x_wconf 85' lang='lat' dir='ltr'>repulsis</span> <span class='ocrx_word' id='word_1_130' title='bbox 884 2922 1129 3014; x_wconf 88' lang='lat' dir='ltr'>comitialibus,</span> <span class='ocrx_word' id='word_1_131' title='bbox 1150 2926 1225 2998; x_wconf 91' lang='lat' dir='ltr'>nul·</span> 
     </span>
     <span class='ocr_line' id='line_1_23' title="bbox 137 3033 1226 3144; baseline 0.008 -34"><span class='ocrx_word' id='word_1_132' title='bbox 137 3100 141 3110; x_wconf 91' lang='lat'>.</span> <span class='ocrx_word' id='word_1_133' title='bbox 196 3033 201 3042; x_wconf 51' lang='lat'>‘</span> <span class='ocrx_word' id='word_1_134' title='bbox 250 3041 299 3114; x_wconf 88' lang='lat' dir='ltr'>las</span> <span class='ocrx_word' id='word_1_135' title='bbox 316 3066 444 3112; x_wconf 89' lang='lat' dir='ltr'>vocum</span> <span class='ocrx_word' id='word_1_136' title='bbox 462 3059 521 3117; x_wconf 83' lang='lat' dir='ltr'>aut</span> <span class='ocrx_word' id='word_1_137' title='bbox 538 3040 782 3139; x_wconf 85' lang='lat' dir='ltr'>suffragiorum</span> <span class='ocrx_word' id='word_1_138' title='bbox 801 3045 1008 3144; x_wconf 88' lang='lat' dir='ltr'>cormptelas</span> <span class='ocrx_word' id='word_1_139' title='bbox 1025 3042 1125 3120; x_wconf 82' lang='lat' dir='ltr'>fuisse</span> <span class='ocrx_word' id='word_1_140' title='bbox 1140 3072 1226 3143; x_wconf 84' lang='lat' dir='ltr'>prae·</span> 
     </span>
     <span class='ocr_line' id='line_1_24' title="bbox 249 3159 1224 3258; baseline 0.004 -24"><span class='ocrx_word' id='word_1_141' title='bbox 249 3163 469 3258; x_wconf 80' lang='lat' dir='ltr'>tergress&#39;um,</span> <span class='ocrx_word' id='word_1_142' title='bbox 502 3159 628 3234; x_wconf 89' lang='lat' dir='ltr'>deinde</span> <span class='ocrx_word' id='word_1_143' title='bbox 664 3163 768 3242; x_wconf 88' lang='lat' dir='ltr'>nullis</span> <span class='ocrx_word' id='word_1_144' title='bbox 802 3163 991 3238; x_wconf 85' lang='lat' dir='ltr'>rationibus</span> <span class='ocrx_word' id='word_1_145' title='bbox 1024 3163 1224 3254; x_wconf 63' lang='lat' dir='ltr'>infradum,</span> 
     </span>
     <span class='ocr_line' id='line_1_25' title="bbox 249 3280 1227 3379; baseline 0.004 -25"><span class='ocrx_word' id='word_1_146' title='bbox 249 3307 290 3354; x_wconf 91' lang='lat' dir='ltr'>ac</span> <span class='ocrx_word' id='word_1_147' title='bbox 318 3280 533 3379; x_wconf 86' lang='lat' dir='ltr'>perterritum</span> <span class='ocrx_word' id='word_1_148' title='bbox 560 3283 604 3354; x_wconf 87' lang='lat' dir='ltr'>de</span> <span class='ocrx_word' id='word_1_149' title='bbox 633 3281 880 3378; x_wconf 90' lang='lat' dir='ltr'>perseverantia</span> <span class='ocrx_word' id='word_1_150' title='bbox 903 3283 1070 3366; x_wconf 88' lang='lat' dir='ltr'>scelerum</span> <span class='ocrx_word' id='word_1_151' title='bbox 1087 3286 1227 3360; x_wconf 88' lang='lat' dir='ltr'>suorum</span> 
     </span>
     <span class='ocr_line' id='line_1_26' title="bbox 250 3400 1226 3501; baseline 0.001 -26"><span class='ocrx_word' id='word_1_152' title='bbox 250 3402 421 3476; x_wconf 82' lang='lat' dir='ltr'>extitisse:</span> <span class='ocrx_word' id='word_1_153' title='bbox 473 3400 599 3498; x_wconf 91' lang='lat' dir='ltr'>quibus</span> <span class='ocrx_word' id='word_1_154' title='bbox 644 3402 916 3478; x_wconf 87' lang='lat' dir='ltr'>animadvertere</span> <span class='ocrx_word' id='word_1_155' title='bbox 956 3403 1035 3478; x_wconf 89' lang='lat' dir='ltr'>sane</span> <span class='ocrx_word' id='word_1_156' title='bbox 1075 3404 1226 3501; x_wconf 89' lang='lat' dir='ltr'>potestis,</span> 
     </span>
     <span class='ocr_line' id='line_1_27' title="bbox 252 3520 1228 3619; baseline 0 -24"><span class='ocrx_word' id='word_1_157' title='bbox 252 3542 380 3619; x_wconf 87' lang='lat' dir='ltr'>quanta</span> <span class='ocrx_word' id='word_1_158' title='bbox 404 3520 537 3618; x_wconf 89' lang='lat' dir='ltr'>semper</span> <span class='ocrx_word' id='word_1_159' title='bbox 552 3520 766 3595; x_wconf 90' lang='lat' dir='ltr'>immanitate</span> <span class='ocrx_word' id='word_1_160' title='bbox 790 3524 995 3598; x_wconf 88' lang='lat' dir='ltr'>laboraverit</span> <span class='ocrx_word' id='word_1_161' title='bbox 1016 3525 1228 3598; x_wconf 88' lang='lat' dir='ltr'>ambitionis.</span> 
     </span>
     <span class='ocr_line' id='line_1_28' title="bbox 251 3641 1227 3742; baseline 0.002 -28"><span class='ocrx_word' id='word_1_162' title='bbox 251 3641 410 3738; x_wconf 84' lang='lat' dir='ltr'>Superest</span> <span class='ocrx_word' id='word_1_163' title='bbox 434 3642 615 3714; x_wconf 84' lang='lat' dir='ltr'>noviffima</span> <span class='ocrx_word' id='word_1_164' title='bbox 632 3668 707 3738; x_wconf 91' lang='lat' dir='ltr'>pars</span> <span class='ocrx_word' id='word_1_165' title='bbox 723 3643 908 3716; x_wconf 85' lang='lat' dir='ltr'>divifionis.</span> <span class='ocrx_word' id='word_1_166' title='bbox 959 3647 1055 3717; x_wconf 86' lang='lat' dir='ltr'>Grex</span> <span class='ocrx_word' id='word_1_167' title='bbox 1080 3643 1152 3742; x_wconf 90' lang='lat' dir='ltr'>ipse</span> <span class='ocrx_word' id='word_1_168' title='bbox 1175 3645 1227 3717; x_wconf 93' lang='lat' dir='ltr'>so·</span> 
     </span>
     <span class='ocr_line' id='line_1_29' title="bbox 252 3761 1227 3862; baseline 0.006 -29"><span class='ocrx_word' id='word_1_169' title='bbox 252 3761 383 3844; x_wconf 76' lang='lat' dir='ltr'>dolium</span> <span class='ocrx_word' id='word_1_170' title='bbox 408 3761 566 3836; x_wconf 86' lang='lat' dir='ltr'>Catilinae</span> <span class='ocrx_word' id='word_1_171' title='bbox 583 3763 811 3856; x_wconf 88' lang='lat' dir='ltr'>truculentus,</span> <span class='ocrx_word' id='word_1_172' title='bbox 834 3783 938 3862; x_wconf 89' lang='lat' dir='ltr'>atque</span> <span class='ocrx_word' id='word_1_173' title='bbox 961 3789 1106 3840; x_wconf 87' lang='lat' dir='ltr'>amens:</span> <span class='ocrx_word' id='word_1_174' title='bbox 1130 3761 1227 3860; x_wconf 74' lang='lat' dir='ltr'>cujus</span> 
     </span>
    </p>
   </div>
   <div class='ocr_carea' id='block_1_3' title="bbox 0 0 1355 4692">
    <p class='ocr_par' dir='ltr' id='par_1_3' title="bbox 0 0 1355 4692">
     <span class='ocr_line' id='line_1_30' title="bbox 0 0 1355 4692; baseline 0 0"><span class='ocrx_word' id='word_1_175' title='bbox 0 0 1355 4692; x_wconf 95' lang='lat' dir='ltr'> </span> 
     </span>
    </p>
   </div>
  </div>
 </body>
</html>
