2662 4686
372 343 717 462 J'oounrnn.
1016 361 1081 456 167

100 530 166 608 dus
184 527 358 627 erumpit.·
375 533 496 627 Atque
512 528 652 602 interim
670 523 820 618 Marius,
839 522 967 627 fugatis
982 532 1081 630 equi*
1122 509 1125 517 ἱ

101 655 207 744 tibus,
227 651 379 726 occurrit
401 650 533 724 auxilio
549 646 629 740 suis,
648 675 737 748 quos
756 653 838 749 pelli
850 651 925 748 jam
940 677 1082 749 accepe-

100 795 164 850 rat.
215 765 382 871 Denique
397 773 509 846 hostes
525 772 683 870 undique
700 769 774 846 fusi.
829 773 928 846 Tum
953 771 1083 868 specta-

102 899 223 971 culum
240 893 406 968 horribile
424 893 559 992 campis
576 893 771 991 patentibus
795 887 906 990 sequi,
937 893 1082 995 fugeret

101 1017 230 1106 occidi,
250 1015 349 1113 capi;
375 1015 469 1114 equi,
498 1014 565 1088 viri
582 1015 734 1088 adflictir
760 1040 799 1088 ac
817 1013 932 1105 multi,
963 1017 1084 1088 volne-

101 1135 197 1214 ribus
215 1136 381 1235 acceptis,
401 1160 516 1235 neque
532 1135 654 1234 fugere
672 1137 779 1232 poffe,
801 1155 915 1233 neque
932 1135 1087 1234 quietem

102 1257 173 1359 pati
186 1289 198 1347 ;
223 1258 286 1331 niti
312 1259 435 1362 mod0,
467 1283 505 1330 ac
531 1257 645 1330 statim
667 1257 876 1330 concidere:
909 1257 1085 1355 postremo

101 1381 238 1470 omnia,
263 1405 333 1478 qua
350 1375 440 1482 visus
458 1395 544 1469 erat,
571 1377 740 1452 constrata
763 1377 852 1467 telis,
885 1379 1001 1468 armis,
1025 1403 1082 1452 ca·

103 1501 315 1588 daveribus;
347 1505 379 1574 &
400 1502 486 1572 inter
503 1527 543 1574 ea
560 1501 686 1573 humus
703 1499 829 1573 infecta
845 1495 1023 1598 sanguine.
1126 1533 1127 1538 ¹

152 1625 229 1696 CII.
256 1625 411 1696 Postea
427 1621 494 1694 loci
512 1615 654 1710 Consul,
678 1621 894 1724 hauddubie
912 1619 987 1718 jam
1012 1621 1086 1695 vic·

103 1764 171 1834 tor,
185 1742 344 1840 pervenit
360 1741 396 1814 in
414 1743 586 1840 oppidum
610 1741 759 1832 Cirtam,
784 1766 856 1839 quo
878 1741 978 1813 initio
1006 1769 1086 1839 pro*

105 1863 442 1938 sedunintenderat.
495 1867 550 1936 Eo
569 1864 644 1961 post
660 1863 754 1936 diem
773 1863 951 1962 quintum,
980 1889 1088 1959 quam

103 1985 232 2059 iterum
249 1985 385 2059 barbari
401 1988 492 2058 male
509 2004 764 2083 pugnaverant,
791 1984 896 2084 legati
913 2012 933 2056 a
948 1985 1089 2057 Boccho
1169 1974 1173 1985 ‘

105 2106 270 2194 veniunt,
288 2107 348 2204 qui
364 2107 455 2206 regis
473 2105 586 2180 verbis
605 2107 649 2179 ab
663 2105 781 2179 Mario
796 2106 961 2204 petivere,
978 2113 1004 2146 “
1016 2105 1090 2178 duo
1207 2133 1209 2142 ’

107 2236 136 2271 “
156 2252 265 2326 quam
282 2229 472 2326 fidiffumos
487 2228 532 2300 ad
550 2253 632 2300 eum
647 2227 796 2300 mitteret
812 2255 822 2314 ;
849 2227 940 2300 velle
968 2227 1013 2300 de
1041 2226 1089 2318 sc,

107 2355 135 2393 “
156 2352 191 2422 δι
209 2349 253 2421 de
270 2349 393 2446 populi
422 2348 578 2422 Romani
595 2351 788 2422 commodo
819 2375 903 2422 cum
932 2348 959 2422 is
987 2349 1089 2422 diffe·

106 2480 135 2516 “
153 2469 266 2544 rere.’'
315 2473 380 2544 Ille
408 2470 524 2544 statim
542 2472 593 2547 L.
619 2471 750 2544 Sullam
777 2475 810 2543 ὅτ
835 2476 881 2544 Α.
911 2471 1091 2544 Manlium

102 2593 153 2668 ire
174 2591 289 2693 jubet.
338 2592 413 2690 Qui
441 2615 659 2690 quamquam
688 2589 789 2662 acciti
819 2590 940 2674 ibant;
972 2611 1091 2664 tamen

106 2716 238 2813 placuit
267 2715 376 2788 verba
405 2715 500 2810 apud
529 2737 650 2810 regem
667 2710 804 2784 facere:
832 2707 1014 2807 ingenium
1032 2729 1092 2783 auc

108 2835 272 2909 avorsum
290 2834 343 2909 uti
362 2837 564 2921 flecterent3
595 2839 663 2906 aut‘
684 2830 857 2928 cupidum
873 2829 966 2927 pacis
985 2832 1090 2903 vehe-

109 2957 258 3030 mentius
276 2957 515 3031 accenderent.
566 2956 688 3051 Itaque
715 2953 823 3043 Sulla,
855 2947 950 3049 cujus
972 2950 1092 3027 facun-

109 3079 191 3170 diae,
214 3103 287 3152 non
303 3078 396 3152 aetati
419 3102 440 3152 a
463 3075 603 3151 Manlio
616 3075 831 3165 conceffum,
859 3094 971 3172 pauca
986 3077 1095 3155 verba

110 3195 348 3298 hujuscemodi
373 3200 523 3272 locutus.

159 3325 292 3395 “Rex
315 3322 467 3410 Bocche,
495 3343 624 3418 magna
656 3314 758 3392 nobis
786 3316 919 3408 laetitia,
955 3339 1038 3391 cum
1060 3335 1096 3389 te

112 3449 139 3486 “
157 3444 264 3515 talem
281 3441 399 3516 virum
420 3441 458 3515 di
482 3465 662 3530 monuere,
680 3438 734 3511 uti
751 3440 941 3536 aliquando
956 3461 1095 3534 pacem,

113 3569 141 3606 “
159 3589 268 3662 quam
297 3565 445 3654 bellum,
465 3564 608 3648 mallem
632 3587 702 3634 neu
731 3579 767 3632 te
795 3579 984 3656 optumum
1012 3584 1097 3632 cum

114 3691 143 3728 “
163 3687 323 3783 pessumo
348 3684 514 3782 ,omnium
542 3679 718 3782 Jugurtha
746 3679 922 3754 miscendo
939 3705 1096 3752 comma·

114 3812 144 3850 “
163 3808 322 3894 culares3
353 3807 453 3890 simul
476 3804 578 3886 nobis
604 3807 761 3880 demeres
778 3802 940 3875 acerbam
957 3802 1096 3912 necesit-

542 3925 589 3998 M
611 3951 635 4016 4
