2668 4698
233 403 304 478 310
399 373 544 448 Poncu
570 373 782 446 Lnrnosrs
808 370 1087 446 Dncnnunrro

173 643 177 653 Ι
230 579 303 628 uno
330 556 376 627 L.
404 553 498 650 Sylla
523 550 770 648 consumptam
786 547 883 624 fuisse
893 547 1118 648 judicemus:
1148 573 1209 622 cu·

226 672 282 772 jus
298 675 403 772 paulo
420 693 498 747 ante
516 670 621 770 Resp.
644 669 742 745 senfit
759 675 794 745 dc
810 667 1075 744 crudelilhmam
1091 671 1208 759 simul,

232 801 267 869 δι
284 793 526 892 amplishmam
540 792 761 890 potestatem.
811 793 890 865 Nec
918 815 987 888 ego
1014 791 1112 864 Deos
1141 789 1208 862 im-

233 917 395 990 mortales
412 914 494 988 huic
510 913 659 1010 imperio
674 931 747 987 tam
765 911 904 986 infestos
931 912 1000 984 esse
1031 936 1123 1000 reor,
1150 935 1195 982 ne

229 1061 298 1136 que
315 1062 335 1108 a
353 1035 460 1108 salute
477 1034 599 1132 populi
616 1037 726 1108 Rom.
743 1053 817 1108 tam
835 1035 1070 1122 abhorrentes,
1087 1051 1128 1106 ut
1146 1031 1210 1104 ho-

229 1157 316 1233 mini
357 1152 612 1230 dementissimo
654 1179 804 1254 regnum
846 1154 1080 1228 concederent
1109 1149 1212 1248 hujus

230 1274 441 1376 sanctiffimae
468 1295 574 1374 atque
602 1273 743 1372 optimae
770 1273 930 1348 civitatis.
978 1273 1110 1370 Syllam
1130 1297 1211 1369 pro·

230 1397 322 1472 feno
339 1396 522 1472 crudelitas
540 1395 649 1469 vicit:
678 1413 713 1467 at
726 1391 797 1491 ipse
813 1395 1049 1468 maximarum
1067 1394 1210 1468 laudem

230 1518 414 1608 uirtutum,
435 1520 468 1589 δι
487 1516 535 1590 rei
552 1515 708 1590 militaris
725 1515 910 1605 summam,
941 1540 981 1587 ac
1003 1515 1211 1612 singularem

230 1637 381 1738 gloriam
394 1635 597 1711 consecutus
614 1635 672 1710 est.
708 1637 901 1710 Lentulum
913 1636 1116 1714 veronulla
1135 1635 1210 1708 vic-

229 1757 326 1834 toriae
353 1757 478 1830 nostrae
505 1756 652 1846 civitati,
683 1758 821 1830 nullum
845 1756 999 1829 studium
1015 1781 1209 1846 armorum,

228 1883 325 1956 nulla
353 1879 546 1978 praestantia
561 1877 710 1968 virtutis,
741 1896 800 1952 aut
828 1877 961 1975 ingenii
981 1878 1208 1954 commenda-

229 2001 292 2076 vit.
343 2004 434 2097 Qnae
452 2024 537 2072 vero
554 2024 626 2072 non
642 2000 791 2072 tabemae
810 1997 939 2096 potius,
963 2017 1021 2072 aut
1047 1997 1110 2096 qui
1136 2023 1209 2070 non

231 2145 355 2220 greges
390 2118 574 2194 infamium
594 2108 809 2230 hominum,
847 2117 1055 2215 Sibyllinum
1103 2117 1210 2192 istum

229 2241 425 2339 principem
443 2241 755 2314 concelebratum?
782 2263 864 2312 nam
882 2238 990 2312 vitam
1013 2236 1084 2336 ejus
1109 2265 1210 2312 com-

228 2385 424 2434 memorare
457 2384 528 2432 non
557 2358 606 2432 est
634 2361 780 2450 necesse,
812 2359 983 2468 versatam
1010 2357 1145 2456 semper
1169 2359 1208 2432 in

227 2600 415 2676 hominum
432 2597 674 2674 nobilitatam:
702 2599 789 2674 nihil
802 2600 838 2674 in
856 2626 898 2673 eo
915 2599 1090 2698 sanguinis
1106 2599 1206 2690 aviti,

142 2741 143 2744 ’
225 2721 314 2794 nihil
332 2719 507 2794 industriae
533 2723 720 2812 Romanae,
746 2721 833 2796 nihil
861 2719 1049 2818 splendoris
1070 2721 1207 2796 domes·

227 2825 300 2931 tici,
328 2840 414 2914 nihil
439 2839 540 2914 avitae
565 2839 781 2939 frugalitatis.

277 2961 418 3039 XXIX.
445 2959 585 3057 Fingite
608 2961 724 3052 vobis,
751 2962 907 3058 Judices,
934 2962 1058 3062 fingite
1090 2965 1207 3064 digni·

226 3097 334 3154 tatem
360 3077 462 3175 hujus
488 3071 656 3170 hominis,
686 3101 763 3154 tum
788 3086 971 3157 florentem
995 3085 1208 3184 amplissimo

226 3197 443 3298 magistratu,
473 3217 551 3271 tum
569 3201 733 3275 omnibus
750 3206 874 3301 populi
902 3209 1057 3280 Roman.
1081 3231 1208 3281 mune·
1325 3239 1326 3256 2

227 3323 322 3396 ribus
340 3337 566 3392 exornatam:
603 3343 775 3419 quantum
810 3324 926 3422 quaeso
961 3325 1139 3426 sanguinis
1157 3327 1208 3402 ci·
1325 3393 1326 3428 p

226 3441 305 3514 vilis
328 3441 364 3512 in
381 3437 473 3529 foro,
499 3437 536 3511 in
553 3440 646 3514 curia
663 3444 939 3520 redundaturum
956 3450 1023 3522 effe
1041 3448 1206 3523 creditis?

227 3680 387 3754 omnium
404 3679 539 3754 civium
556 3681 714 3757 cubicula
730 3685 1020 3762 demanaturam?
1050 3687 1209 3786 profesio

227 3797 399 3896 dignitate
427 3799 536 3878 fretus
565 3828 618 3896 ea,
650 3829 729 3903 quae
759 3805 916 3906 privatus
938 3808 1205 3908 concupivisset,
