<?xml version="1.0" encoding="UTF-8"?>
<!DOCTYPE html PUBLIC "-//W3C//DTD XHTML 1.0 Transitional//EN"
    "http://www.w3.org/TR/xhtml1/DTD/xhtml1-transitional.dtd">
<html xmlns="http://www.w3.org/1999/xhtml" xml:lang="en" lang="en">
 <head>
  <title>
</title>
<meta http-equiv="Content-Type" content="text/html;charset=utf-8" />
  <meta name='ocr-system' content='tesseract 3.04.00' />
  <meta name='ocr-capabilities' content='ocr_page ocr_carea ocr_par ocr_line ocrx_word'/>
</head>
<body>
  <div class='ocr_page' id='page_1' title='image "./caiicrispisallu00sallgoog_0092.png"; bbox 0 0 2662 4686; ppageno 0'>
   <div class='ocr_carea' id='block_1_1' title="bbox 246 323 1030 419">
    <p class='ocr_par' dir='ltr' id='par_1_1' title="bbox 246 323 1030 419">
     <span class='ocr_line' id='line_1_1' title="bbox 246 323 1030 419; baseline 0.001 -19"><span class='ocrx_word' id='word_1_1' title='bbox 246 329 295 419; x_wconf 89' lang='lat'>84</span> <span class='ocrx_word' id='word_1_2' title='bbox 434 323 1030 400; x_wconf 76' lang='lat' dir='ltr'>C.Cn1s1³1Saarusr11</span> 
     </span>
    </p>
   </div>
   <div class='ocr_carea' id='block_1_2' title="bbox 246 499 1236 604">
    <p class='ocr_par' dir='ltr' id='par_1_2' title="bbox 246 499 1236 604">
     <span class='ocr_line' id='line_1_2' title="bbox 246 499 1236 604; baseline 0.004 -27"><span class='ocrx_word' id='word_1_3' title='bbox 246 501 468 580; x_wconf 87' lang='lat' dir='ltr'>retinendum</span> <span class='ocrx_word' id='word_1_4' title='bbox 483 529 494 588; x_wconf 81' lang='lat'>3</span> <span class='ocrx_word' id='word_1_5' title='bbox 513 499 700 575; x_wconf 81' lang='lat' dir='ltr'>necessario</span> <span class='ocrx_word' id='word_1_6' title='bbox 718 499 838 600; x_wconf 91' lang='lat' dir='ltr'>copias</span> <span class='ocrx_word' id='word_1_7' title='bbox 855 519 953 600; x_wconf 88' lang='lat' dir='ltr'>parat</span> <span class='ocrx_word' id='word_1_8' title='bbox 983 505 1018 576; x_wconf 77' lang='grc' dir='ltr'>ὅτ</span> <span class='ocrx_word' id='word_1_9' title='bbox 1046 501 1236 604; x_wconf 84' lang='lat' dir='ltr'>Jugurthae</span> 
     </span>
    </p>
   </div>
   <div class='ocr_carea' id='block_1_3' title="bbox 128 621 1235 722">
    <p class='ocr_par' dir='ltr' id='par_1_3' title="bbox 128 621 1235 722">
     <span class='ocr_line' id='line_1_3' title="bbox 128 621 1235 722; baseline 0.005 -26"><span class='ocrx_word' id='word_1_10' title='bbox 128 673 131 684; x_wconf 86' lang='lat'><em>·</em></span> <span class='ocrx_word' id='word_1_11' title='bbox 247 623 384 700; x_wconf 85' lang='lat' dir='ltr'>obvius.</span> <span class='ocrx_word' id='word_1_12' title='bbox 409 621 578 720; x_wconf 90' lang='lat' dir='ltr'><strong>procedit.</strong></span> <span class='ocrx_word' id='word_1_13' title='bbox 634 621 780 696; x_wconf 90' lang='lat' dir='ltr'>Interim</span> <span class='ocrx_word' id='word_1_14' title='bbox 812 621 907 696; x_wconf 89' lang='lat' dir='ltr'>haud</span> <span class='ocrx_word' id='word_1_15' title='bbox 935 623 1044 722; x_wconf 87' lang='lat' dir='ltr'>longe</span> <span class='ocrx_word' id='word_1_16' title='bbox 1077 650 1098 698; x_wconf 89' lang='lat' dir='ltr'>a</span> <span class='ocrx_word' id='word_1_17' title='bbox 1130 629 1235 718; x_wconf 91' lang='lat' dir='ltr'>mari,</span> 
     </span>
    </p>
   </div>
   <div class='ocr_carea' id='block_1_4' title="bbox 189 739 1325 2058">
    <p class='ocr_par' dir='ltr' id='par_1_4' title="bbox 189 739 1325 2058">
     <span class='ocr_line' id='line_1_4' title="bbox 247 739 1325 845; baseline 0.004 -27"><span class='ocrx_word' id='word_1_18' title='bbox 247 771 357 845; x_wconf 91' lang='lat' dir='ltr'>prope</span> <span class='ocrx_word' id='word_1_19' title='bbox 373 744 507 818; x_wconf 84' lang='lat' dir='ltr'>Cirtam</span> <span class='ocrx_word' id='word_1_20' title='bbox 524 741 700 841; x_wconf 92' lang='lat' dir='ltr'>oppidum</span> <span class='ocrx_word' id='word_1_21' title='bbox 716 741 896 842; x_wconf 89' lang='lat' dir='ltr'>utriusque</span> <span class='ocrx_word' id='word_1_22' title='bbox 928 739 1083 820; x_wconf 90' lang='lat' dir='ltr'>consedit</span> <span class='ocrx_word' id='word_1_23' title='bbox 1100 749 1234 824; x_wconf 88' lang='lat' dir='ltr'>exerci·</span> <span class='ocrx_word' id='word_1_24' title='bbox 1324 837 1325 842; x_wconf 6' lang='grc' dir='ltr'><strong>Ἰ</strong></span> 
     </span>
     <span class='ocr_line' id='line_1_5' title="bbox 248 859 1247 964; baseline 0.006 -23"><span class='ocrx_word' id='word_1_25' title='bbox 248 887 329 941; x_wconf 92' lang='lat' dir='ltr'>tus:</span> <span class='ocrx_word' id='word_1_26' title='bbox 369 859 415 940; x_wconf 39' lang='lat'>&amp;⁵</span> <span class='ocrx_word' id='word_1_27' title='bbox 438 866 520 964; x_wconf 90' lang='lat' dir='ltr'>quia</span> <span class='ocrx_word' id='word_1_28' title='bbox 547 865 605 938; x_wconf 87' lang='lat' dir='ltr'>die</span> <span class='ocrx_word' id='word_1_29' title='bbox 633 885 832 940; x_wconf 87' lang='lat' dir='ltr'>extremum</span> <span class='ocrx_word' id='word_1_30' title='bbox 851 883 936 956; x_wconf 90' lang='lat' dir='ltr'>erat,</span> <span class='ocrx_word' id='word_1_31' title='bbox 972 866 1134 963; x_wconf 83' lang='lat' dir='ltr'>praelium</span> <span class='ocrx_word' id='word_1_32' title='bbox 1161 895 1247 944; x_wconf 88' lang='lat' dir='ltr'>non·</span> 
     </span>
     <span class='ocr_line' id='line_1_6' title="bbox 246 986 1325 1086; baseline 0.004 -25"><span class='ocrx_word' id='word_1_33' title='bbox 246 987 441 1086; x_wconf 88' lang='lat' dir='ltr'>inceptum.</span> <span class='ocrx_word' id='word_1_34' title='bbox 491 986 568 1061; x_wconf 92' lang='lat' dir='ltr'>Ubi</span> <span class='ocrx_word' id='word_1_35' title='bbox 594 988 801 1085; x_wconf 90' lang='lat' dir='ltr'>plerumque</span> <span class='ocrx_word' id='word_1_36' title='bbox 826 986 941 1060; x_wconf 68' lang='lat' dir='ltr'>noctis</span> <span class='ocrx_word' id='word_1_37' title='bbox 970 991 1143 1084; x_wconf 86' lang='lat' dir='ltr'>proceffit,</span> <span class='ocrx_word' id='word_1_38' title='bbox 1168 993 1236 1066; x_wconf 86' lang='lat' dir='ltr'>ob·</span> <span class='ocrx_word' id='word_1_39' title='bbox 1324 1031 1325 1034; x_wconf 36' lang='lat'>¹</span> 
     </span>
     <span class='ocr_line' id='line_1_7' title="bbox 246 1089 1325 1210; baseline 0.003 -27"><span class='ocrx_word' id='word_1_40' title='bbox 246 1109 345 1188; x_wconf 90' lang='lat' dir='ltr'>scuro</span> <span class='ocrx_word' id='word_1_41' title='bbox 364 1107 470 1182; x_wconf 88' lang='lat' dir='ltr'>etiam</span> <span class='ocrx_word' id='word_1_42' title='bbox 488 1089 564 1182; x_wconf 88' lang='lat' dir='ltr'>tum</span> <span class='ocrx_word' id='word_1_43' title='bbox 578 1108 726 1199; x_wconf 89' lang='lat' dir='ltr'>lumine,</span> <span class='ocrx_word' id='word_1_44' title='bbox 745 1108 870 1182; x_wconf 88' lang='lat' dir='ltr'>milites</span> <span class='ocrx_word' id='word_1_45' title='bbox 888 1091 1107 1208; x_wconf 81' lang='lat' dir='ltr'>Juguithini,</span> <span class='ocrx_word' id='word_1_46' title='bbox 1136 1115 1236 1210; x_wconf 88' lang='lat' dir='ltr'>figno</span> <span class='ocrx_word' id='word_1_47' title='bbox 1324 1101 1325 1158; x_wconf 57' lang='grc' dir='ltr'>ἕ</span> 
     </span>
     <span class='ocr_line' id='line_1_8' title="bbox 247 1210 1325 1330; baseline 0.003 -27"><span class='ocrx_word' id='word_1_48' title='bbox 247 1210 345 1320; x_wconf 87' lang='lat' dir='ltr'>dato,</span> <span class='ocrx_word' id='word_1_49' title='bbox 376 1230 486 1304; x_wconf 89' lang='lat' dir='ltr'>castra</span> <span class='ocrx_word' id='word_1_50' title='bbox 513 1229 665 1304; x_wconf 91' lang='lat' dir='ltr'>hostium</span> <span class='ocrx_word' id='word_1_51' title='bbox 682 1229 880 1315; x_wconf 83' lang='lat' dir='ltr'>invadunt3</span> <span class='ocrx_word' id='word_1_52' title='bbox 906 1228 1130 1304; x_wconf 81' lang='lat' dir='ltr'>semisomnos</span> <span class='ocrx_word' id='word_1_53' title='bbox 1155 1258 1235 1329; x_wconf 89' lang='lat' dir='ltr'>par·</span> <span class='ocrx_word' id='word_1_54' title='bbox 1324 1241 1325 1330; x_wconf 59' lang='lat' dir='ltr'>J</span> 
     </span>
     <span class='ocr_line' id='line_1_9' title="bbox 189 1349 1245 1456; baseline 0.006 -31"><span class='ocrx_word' id='word_1_55' title='bbox 189 1365 191 1373; x_wconf 79' lang='grc'>’</span> <span class='ocrx_word' id='word_1_56' title='bbox 247 1352 327 1442; x_wconf 91' lang='lat' dir='ltr'>tim,</span> <span class='ocrx_word' id='word_1_57' title='bbox 347 1351 430 1424; x_wconf 90' lang='lat' dir='ltr'>alios</span> <span class='ocrx_word' id='word_1_58' title='bbox 448 1377 546 1424; x_wconf 92' lang='lat' dir='ltr'>arma</span> <span class='ocrx_word' id='word_1_59' title='bbox 563 1349 741 1439; x_wconf 68' lang='lat' dir='ltr'>sumentes,</span> <span class='ocrx_word' id='word_1_60' title='bbox 751 1351 876 1450; x_wconf 86' lang='lat' dir='ltr'>sugant</span> <span class='ocrx_word' id='word_1_61' title='bbox 888 1349 1138 1450; x_wconf 88' lang='lat' dir='ltr'>funduntque:</span> <span class='ocrx_word' id='word_1_62' title='bbox 1156 1356 1245 1456; x_wconf 48' lang='lat' dir='ltr'>Ads</span> 
     </span>
     <span class='ocr_line' id='line_1_10' title="bbox 246 1471 1325 1573; baseline -0.002 -27"><span class='ocrx_word' id='word_1_63' title='bbox 246 1475 368 1548; x_wconf 86' lang='lat' dir='ltr'>herbal</span> <span class='ocrx_word' id='word_1_64' title='bbox 395 1499 478 1546; x_wconf 89' lang='lat' dir='ltr'>cum</span> <span class='ocrx_word' id='word_1_65' title='bbox 496 1472 614 1571; x_wconf 87' lang='lat' dir='ltr'>paucis</span> <span class='ocrx_word' id='word_1_66' title='bbox 640 1472 817 1571; x_wconf 88' lang='lat' dir='ltr'>equitibus</span> <span class='ocrx_word' id='word_1_67' title='bbox 841 1471 975 1545; x_wconf 84' lang='lat' dir='ltr'><strong>Cirtam</strong></span> <span class='ocrx_word' id='word_1_68' title='bbox 1001 1471 1171 1573; x_wconf 83' lang='lat' dir='ltr'>profugit,</span> <span class='ocrx_word' id='word_1_69' title='bbox 1199 1481 1233 1550; x_wconf 75' lang='lat' dir='ltr'>bc</span> <span class='ocrx_word' id='word_1_70' title='bbox 1324 1491 1325 1544; x_wconf 62' lang='grc' dir='ltr'><em>ὲ</em></span> 
     </span>
     <span class='ocr_line' id='line_1_11' title="bbox 247 1591 1325 1694; baseline -0.003 -27"><span class='ocrx_word' id='word_1_71' title='bbox 247 1595 284 1668; x_wconf 91' lang='lat' dir='ltr'>ni</span> <span class='ocrx_word' id='word_1_72' title='bbox 299 1594 491 1667; x_wconf 91' lang='lat' dir='ltr'>multitudo</span> <span class='ocrx_word' id='word_1_73' title='bbox 504 1613 708 1692; x_wconf 89' lang='lat' dir='ltr'>togatorum</span> <span class='ocrx_word' id='word_1_74' title='bbox 725 1593 853 1685; x_wconf 82' lang='lat' dir='ltr'>fuisset,</span> <span class='ocrx_word' id='word_1_75' title='bbox 877 1620 957 1694; x_wconf 83' lang='lat' dir='ltr'>quae</span> <span class='ocrx_word' id='word_1_76' title='bbox 981 1594 1157 1668; x_wconf 82' lang='lat' dir='ltr'>Numidas</span> <span class='ocrx_word' id='word_1_77' title='bbox 1179 1595 1235 1668; x_wconf 84' lang='lat' dir='ltr'>in·</span> <span class='ocrx_word' id='word_1_78' title='bbox 1324 1591 1325 1664; x_wconf 87' lang='lat' dir='ltr'>l</span> 
     </span>
     <span class='ocr_line' id='line_1_12' title="bbox 247 1713 1325 1814; baseline 0.002 -26"><span class='ocrx_word' id='word_1_79' title='bbox 247 1714 427 1814; x_wconf 77' lang='lat' dir='ltr'>sequentes</span> <span class='ocrx_word' id='word_1_80' title='bbox 453 1716 631 1790; x_wconf 84' lang='lat' dir='ltr'>moenibus</span> <span class='ocrx_word' id='word_1_81' title='bbox 644 1715 837 1813; x_wconf 88' lang='lat' dir='ltr'>prohibuit,</span> <span class='ocrx_word' id='word_1_82' title='bbox 861 1742 935 1788; x_wconf 93' lang='lat' dir='ltr'>uno</span> <span class='ocrx_word' id='word_1_83' title='bbox 958 1713 1016 1788; x_wconf 93' lang='lat' dir='ltr'>die</span> <span class='ocrx_word' id='word_1_84' title='bbox 1033 1713 1121 1788; x_wconf 87' lang='lat' dir='ltr'>inter</span> <span class='ocrx_word' id='word_1_85' title='bbox 1144 1717 1240 1790; x_wconf 68' lang='lat' dir='ltr'>duos&#39;</span> <span class='ocrx_word' id='word_1_86' title='bbox 1324 1721 1325 1766; x_wconf 74' lang='grc' dir='ltr'>ἶ</span> 
     </span>
     <span class='ocr_line' id='line_1_13' title="bbox 246 1832 1237 1937; baseline 0 -27"><span class='ocrx_word' id='word_1_87' title='bbox 246 1865 345 1937; x_wconf 87' lang='lat' dir='ltr'>reges</span> <span class='ocrx_word' id='word_1_88' title='bbox 363 1857 522 1934; x_wconf 77' lang='lat' dir='ltr'>coeptum</span> <span class='ocrx_word' id='word_1_89' title='bbox 548 1856 654 1934; x_wconf 88' lang='lat' dir='ltr'>atque</span> <span class='ocrx_word' id='word_1_90' title='bbox 680 1832 855 1933; x_wconf 85' lang='lat' dir='ltr'>patratum</span> <span class='ocrx_word' id='word_1_91' title='bbox 872 1837 1007 1910; x_wconf 90' lang='lat' dir='ltr'>bellum</span> <span class='ocrx_word' id='word_1_92' title='bbox 1024 1833 1124 1910; x_wconf 80' lang='lat' dir='ltr'>soret.</span> <span class='ocrx_word' id='word_1_93' title='bbox 1162 1837 1237 1936; x_wconf 87' lang='lat' dir='ltr'>Igi-</span> 
     </span>
     <span class='ocr_line' id='line_1_14' title="bbox 246 1955 1235 2058; baseline 0 -26"><span class='ocrx_word' id='word_1_94' title='bbox 246 1979 305 2032; x_wconf 91' lang='lat' dir='ltr'>tur</span> <span class='ocrx_word' id='word_1_95' title='bbox 322 1961 496 2058; x_wconf 88' lang='lat' dir='ltr'>Jugurtha</span> <span class='ocrx_word' id='word_1_96' title='bbox 529 1957 705 2055; x_wconf 87' lang='lat' dir='ltr'>oppidum</span> <span class='ocrx_word' id='word_1_97' title='bbox 731 1955 965 2048; x_wconf 86' lang='lat' dir='ltr'>circumsedit,</span> <span class='ocrx_word' id='word_1_98' title='bbox 993 1955 1103 2031; x_wconf 68' lang='lat' dir='ltr'>‚vineis</span> <span class='ocrx_word' id='word_1_99' title='bbox 1129 1959 1235 2032; x_wconf 89' lang='lat' dir='ltr'>turri·</span> 
     </span>
    </p>
   </div>
   <div class='ocr_carea' id='block_1_5' title="bbox 222 2076 1238 2178">
    <p class='ocr_par' dir='ltr' id='par_1_5' title="bbox 222 2076 1238 2178">
     <span class='ocr_line' id='line_1_15' title="bbox 222 2076 1238 2178; baseline 0 -24"><span class='ocrx_word' id='word_1_100' title='bbox 222 2079 381 2178; x_wconf 88' lang='lat' dir='ltr'>&#39;busque</span> <span class='ocrx_word' id='word_1_101' title='bbox 416 2083 449 2150; x_wconf 71' lang='grc' dir='ltr'>ὅτ</span> <span class='ocrx_word' id='word_1_102' title='bbox 479 2076 650 2152; x_wconf 76' lang='lat' dir='ltr'>machinis</span> <span class='ocrx_word' id='word_1_103' title='bbox 667 2077 830 2152; x_wconf 89' lang='lat' dir='ltr'>omnium</span> <span class='ocrx_word' id='word_1_104' title='bbox 849 2104 1018 2177; x_wconf 90' lang='lat' dir='ltr'>generum</span> <span class='ocrx_word' id='word_1_105' title='bbox 1031 2105 1238 2177; x_wconf 84' lang='lat' dir='ltr'>expugnare</span> 
     </span>
    </p>
   </div>
   <div class='ocr_carea' id='block_1_6' title="bbox 246 2197 1325 2298">
    <p class='ocr_par' dir='ltr' id='par_1_6' title="bbox 246 2197 1325 2298">
     <span class='ocr_line' id='line_1_16' title="bbox 246 2197 1325 2298; baseline 0.002 -26"><span class='ocrx_word' id='word_1_106' title='bbox 246 2199 476 2298; x_wconf 82' lang='lat' dir='ltr'>adgreditur:</span> <span class='ocrx_word' id='word_1_107' title='bbox 500 2223 668 2270; x_wconf 81' lang='lat' dir='ltr'>maxume</span> <span class='ocrx_word' id='word_1_108' title='bbox 697 2197 859 2270; x_wconf 83' lang='lat' dir='ltr'>festinans</span> <span class='ocrx_word' id='word_1_109' title='bbox 876 2219 1018 2294; x_wconf 88' lang='lat' dir='ltr'>tempus</span> <span class='ocrx_word' id='word_1_110' title='bbox 1035 2201 1235 2298; x_wconf 88' lang='lat' dir='ltr'>legatorum</span> <span class='ocrx_word' id='word_1_111' title='bbox 1324 2233 1325 2292; x_wconf 37' lang='grc' dir='ltr'>ξ</span> 
     </span>
    </p>
   </div>
   <div class='ocr_carea' id='block_1_7' title="bbox 173 2299 1325 2904">
    <p class='ocr_par' dir='ltr' id='par_1_7' title="bbox 173 2299 1325 2904">
     <span class='ocr_line' id='line_1_17' title="bbox 173 2299 1325 2417; baseline 0.003 -24"><span class='ocrx_word' id='word_1_112' title='bbox 173 2407 177 2412; x_wconf 27' lang='lat'>¹</span> <span class='ocrx_word' id='word_1_113' title='bbox 246 2341 463 2417; x_wconf 82' lang='lat' dir='ltr'>antecapere,</span> <span class='ocrx_word' id='word_1_114' title='bbox 493 2345 596 2416; x_wconf 86' lang='lat' dir='ltr'>quos,</span> <span class='ocrx_word' id='word_1_115' title='bbox 616 2336 695 2390; x_wconf 87' lang='lat' dir='ltr'>ante</span> <span class='ocrx_word' id='word_1_116' title='bbox 717 2318 878 2414; x_wconf 74' lang='lat' dir='ltr'>pralium</span> <span class='ocrx_word' id='word_1_117' title='bbox 902 2317 1050 2408; x_wconf 74' lang='lat' dir='ltr'>sactum,</span> <span class='ocrx_word' id='word_1_118' title='bbox 1075 2323 1236 2396; x_wconf 80' lang='lat' dir='ltr'>Romam</span> <span class='ocrx_word' id='word_1_119' title='bbox 1324 2299 1325 2350; x_wconf 49' lang='lat'>³</span> 
     </span>
     <span class='ocr_line' id='line_1_18' title="bbox 247 2425 1231 2536; baseline 0.002 -22"><span class='ocrx_word' id='word_1_120' title='bbox 247 2442 450 2515; x_wconf 81' lang='lat' dir='ltr'>Adherbale</span> <span class='ocrx_word' id='word_1_121' title='bbox 481 2425 599 2512; x_wconf 82' lang='lat' dir='ltr'>missos</span> <span class='ocrx_word' id='word_1_122' title='bbox 627 2438 819 2512; x_wconf 86' lang='lat' dir='ltr'>audiverat.</span> <span class='ocrx_word' id='word_1_123' title='bbox 870 2440 938 2512; x_wconf 89' lang='lat' dir='ltr'>Sed</span> <span class='ocrx_word' id='word_1_124' title='bbox 963 2439 1149 2536; x_wconf 87' lang='lat' dir='ltr'>postquam</span> <span class='ocrx_word' id='word_1_125' title='bbox 1165 2431 1231 2516; x_wconf 87' lang='lat' dir='ltr'>Se·</span> 
     </span>
     <span class='ocr_line' id='line_1_19' title="bbox 218 2559 1302 2661; baseline 0.003 -27"><span class='ocrx_word' id='word_1_126' title='bbox 218 2567 219 2572; x_wconf 74' lang='grc'>’</span> <span class='ocrx_word' id='word_1_127' title='bbox 246 2582 347 2635; x_wconf 90' lang='lat' dir='ltr'>natus</span> <span class='ocrx_word' id='word_1_128' title='bbox 371 2563 531 2648; x_wconf 87' lang='lat' dir='ltr'>debello</span> <span class='ocrx_word' id='word_1_129' title='bbox 560 2585 681 2634; x_wconf 88' lang='lat' dir='ltr'>eorum</span> <span class='ocrx_word' id='word_1_130' title='bbox 705 2560 853 2659; x_wconf 90' lang='lat' dir='ltr'>aceepit,</span> <span class='ocrx_word' id='word_1_131' title='bbox 874 2561 963 2660; x_wconf 84' lang='lat' dir='ltr'>[tres</span> <span class='ocrx_word' id='word_1_132' title='bbox 980 2559 1237 2661; x_wconf 89' lang='lat' dir='ltr'>adolescentes]</span> <span class='ocrx_word' id='word_1_133' title='bbox 1298 2615 1302 2618; x_wconf 89' lang='lat'><em>-</em></span> 
     </span>
     <span class='ocr_line' id='line_1_20' title="bbox 246 2683 1234 2783; baseline 0 -26"><span class='ocrx_word' id='word_1_134' title='bbox 246 2684 283 2758; x_wconf 95' lang='lat' dir='ltr'>in</span> <span class='ocrx_word' id='word_1_135' title='bbox 308 2683 466 2758; x_wconf 84' lang='lat' dir='ltr'>Africam</span> <span class='ocrx_word' id='word_1_136' title='bbox 485 2686 657 2783; x_wconf 89' lang='lat' dir='ltr'>legantur,</span> <span class='ocrx_word' id='word_1_137' title='bbox 687 2683 748 2782; x_wconf 93' lang='lat' dir='ltr'>qui</span> <span class='ocrx_word' id='word_1_138' title='bbox 773 2686 881 2757; x_wconf 91' lang='lat' dir='ltr'>ambo</span> <span class='ocrx_word' id='word_1_139' title='bbox 899 2709 997 2782; x_wconf 89' lang='lat' dir='ltr'>reges</span> <span class='ocrx_word' id='word_1_140' title='bbox 1014 2684 1155 2773; x_wconf 86' lang='lat' dir='ltr'>adeant,</span> <span class='ocrx_word' id='word_1_141' title='bbox 1173 2686 1234 2756; x_wconf 88' lang='lat' dir='ltr'>Se·</span> 
     </span>
     <span class='ocr_line' id='line_1_21' title="bbox 247 2804 1325 2904; baseline -0.001 -26"><span class='ocrx_word' id='word_1_142' title='bbox 247 2825 347 2880; x_wconf 90' lang='lat' dir='ltr'>natus</span> <span class='ocrx_word' id='word_1_143' title='bbox 366 2805 563 2904; x_wconf 90' lang='lat' dir='ltr'>populique</span> <span class='ocrx_word' id='word_1_144' title='bbox 582 2806 738 2880; x_wconf 90' lang='lat' dir='ltr'>Romani</span> <span class='ocrx_word' id='word_1_145' title='bbox 756 2805 870 2879; x_wconf 90' lang='lat' dir='ltr'>verbis</span> <span class='ocrx_word' id='word_1_146' title='bbox 887 2804 1067 2895; x_wconf 88' lang='lat' dir='ltr'>nuncient,</span> <span class='ocrx_word' id='word_1_147' title='bbox 1093 2805 1235 2878; x_wconf 88' lang='lat' dir='ltr'>“Velle</span> <span class='ocrx_word' id='word_1_148' title='bbox 1324 2819 1325 2904; x_wconf 69' lang='lat' dir='ltr'>f</span> 
     </span>
    </p>
   </div>
   <div class='ocr_carea' id='block_1_8' title="bbox 248 2922 1234 3268">
    <p class='ocr_par' dir='ltr' id='par_1_8' title="bbox 248 2922 1234 3268">
     <span class='ocr_line' id='line_1_22' title="bbox 250 2922 1234 3024; baseline -0.001 -25"><span class='ocrx_word' id='word_1_149' title='bbox 250 2933 277 2968; x_wconf 93' lang='lat'><strong>“</strong></span> <span class='ocrx_word' id='word_1_150' title='bbox 298 2929 330 2999; x_wconf 69' lang='grc' dir='ltr'>ὅτ</span> <span class='ocrx_word' id='word_1_151' title='bbox 350 2927 500 3017; x_wconf 80' lang='lat' dir='ltr'>censere,</span> <span class='ocrx_word' id='word_1_152' title='bbox 528 2954 586 3000; x_wconf 88' lang='lat' dir='ltr'>eos</span> <span class='ocrx_word' id='word_1_153' title='bbox 608 2922 653 3001; x_wconf 81' lang='lat' dir='ltr'>ab</span> <span class='ocrx_word' id='word_1_154' title='bbox 678 2926 782 3000; x_wconf 87' lang='lat' dir='ltr'>armis</span> <span class='ocrx_word' id='word_1_155' title='bbox 795 2923 1002 3024; x_wconf 51' lang='lat' dir='ltr'>discedere:¹</span> <span class='ocrx_word' id='word_1_156' title='bbox 1017 2927 1064 2999; x_wconf 92' lang='lat' dir='ltr'>de</span> <span class='ocrx_word' id='word_1_157' title='bbox 1093 2947 1234 2999; x_wconf 89' lang='lat' dir='ltr'>contro-</span> 
     </span>
     <span class='ocr_line' id='line_1_23' title="bbox 248 3021 1229 3147; baseline 0.005 -31"><span class='ocrx_word' id='word_1_158' title='bbox 248 3051 276 3086; x_wconf 90' lang='lat'><strong>“</strong></span> <span class='ocrx_word' id='word_1_159' title='bbox 295 3021 410 3120; x_wconf 84' lang='lat' dir='ltr'>veifiis</span> <span class='ocrx_word' id='word_1_160' title='bbox 433 3045 499 3122; x_wconf 92' lang='lat' dir='ltr'>suis</span> <span class='ocrx_word' id='word_1_161' title='bbox 518 3047 598 3146; x_wconf 86' lang='lat' dir='ltr'>jure</span> <span class='ocrx_word' id='word_1_162' title='bbox 621 3048 750 3146; x_wconf 89' lang='lat' dir='ltr'>potius,</span> <span class='ocrx_word' id='word_1_163' title='bbox 779 3075 886 3147; x_wconf 90' lang='lat' dir='ltr'>quam</span> <span class='ocrx_word' id='word_1_164' title='bbox 905 3049 998 3122; x_wconf 93' lang='lat' dir='ltr'>bello</span> <span class='ocrx_word' id='word_1_165' title='bbox 1011 3045 1229 3146; x_wconf 88' lang='lat' dir='ltr'>disceptare:</span> 
     </span>
     <span class='ocr_line' id='line_1_24' title="bbox 248 3167 1023 3268; baseline 0.003 -28"><span class='ocrx_word' id='word_1_166' title='bbox 248 3167 342 3240; x_wconf 90' lang='lat' dir='ltr'>“ita</span> <span class='ocrx_word' id='word_1_167' title='bbox 367 3167 469 3266; x_wconf 89' lang='lat' dir='ltr'>seque</span> <span class='ocrx_word' id='word_1_168' title='bbox 495 3169 628 3266; x_wconf 86' lang='lat' dir='ltr'>illisque</span> <span class='ocrx_word' id='word_1_169' title='bbox 653 3169 802 3268; x_wconf 89' lang='lat' dir='ltr'>dignum</span> <span class='ocrx_word' id='word_1_170' title='bbox 827 3168 937 3246; x_wconf 85' lang='lat' dir='ltr'>fore.’&#39;</span> <span class='ocrx_word' id='word_1_171' title='bbox 1021 3167 1023 3173; x_wconf 44' lang='lat'><strong>⁴</strong></span> 
     </span>
    </p>
   </div>
   <div class='ocr_carea' id='block_1_9' title="bbox 160 3289 1325 3631">
    <p class='ocr_par' dir='ltr' id='par_1_9' title="bbox 160 3287 1325 3631">
     <span class='ocr_line' id='line_1_25' title="bbox 295 3289 1325 3382; baseline 0.002 -20"><span class='ocrx_word' id='word_1_172' title='bbox 295 3291 416 3362; x_wconf 85' lang='lat' dir='ltr'>XXII.</span> <span class='ocrx_word' id='word_1_173' title='bbox 441 3293 602 3362; x_wconf 80' lang='lat' dir='ltr'>Laonrr</span> <span class='ocrx_word' id='word_1_174' title='bbox 621 3289 658 3362; x_wconf 90' lang='lat' dir='ltr'>in</span> <span class='ocrx_word' id='word_1_175' title='bbox 674 3289 832 3364; x_wconf 81' lang='lat' dir='ltr'>Africam</span> <span class='ocrx_word' id='word_1_176' title='bbox 845 3309 1058 3364; x_wconf 87' lang='lat' dir='ltr'>maturantes</span> <span class='ocrx_word' id='word_1_177' title='bbox 1071 3289 1234 3382; x_wconf 86' lang='lat' dir='ltr'>veniunt,</span> <span class='ocrx_word' id='word_1_178' title='bbox 1323 3317 1325 3336; x_wconf 75' lang='lat'><strong>⁴</strong></span> 
     </span>
     <span class='ocr_line' id='line_1_26' title="bbox 245 3410 1232 3522; baseline 0.001 -38"><span class='ocrx_word' id='word_1_179' title='bbox 245 3435 289 3484; x_wconf 90' lang='lat' dir='ltr'>eo</span> <span class='ocrx_word' id='word_1_180' title='bbox 320 3410 447 3508; x_wconf 83' lang='lat' dir='ltr'>magis,</span> <span class='ocrx_word' id='word_1_181' title='bbox 487 3412 585 3508; x_wconf 90' lang='lat' dir='ltr'>quod</span> <span class='ocrx_word' id='word_1_182' title='bbox 610 3415 755 3500; x_wconf 84' lang='lat' dir='ltr'>Romae,</span> <span class='ocrx_word' id='word_1_183' title='bbox 781 3411 869 3484; x_wconf 91' lang='lat' dir='ltr'>dum</span> <span class='ocrx_word' id='word_1_184' title='bbox 899 3410 1071 3522; x_wconf 89' lang='lat' dir='ltr'>proficisci</span> <span class='ocrx_word' id='word_1_185' title='bbox 1095 3433 1232 3509; x_wconf 88' lang='lat' dir='ltr'>parant,</span> 
     </span>
     <span class='ocr_line' id='line_1_27' title="bbox 160 3525 1325 3631; baseline -0.003 -21"><span class='ocrx_word' id='word_1_186' title='bbox 160 3593 164 3610; x_wconf 44' lang='lat' dir='ltr'>t</span> <span class='ocrx_word' id='word_1_187' title='bbox 245 3535 291 3604; x_wconf 92' lang='lat' dir='ltr'>de</span> <span class='ocrx_word' id='word_1_188' title='bbox 304 3532 425 3630; x_wconf 81' lang='lat' dir='ltr'>praelio</span> <span class='ocrx_word' id='word_1_189' title='bbox 439 3525 530 3605; x_wconf 71' lang='lat' dir='ltr'>sacto</span> <span class='ocrx_word' id='word_1_190' title='bbox 544 3535 578 3604; x_wconf 75' lang='grc' dir='ltr'>δι</span> <span class='ocrx_word' id='word_1_191' title='bbox 592 3531 859 3631; x_wconf 86' lang='lat' dir='ltr'>oppugnatione</span> <span class='ocrx_word' id='word_1_192' title='bbox 882 3531 988 3604; x_wconf 87' lang='lat' dir='ltr'>Cirtae</span> <span class='ocrx_word' id='word_1_193' title='bbox 1014 3532 1232 3606; x_wconf 83' lang='lat' dir='ltr'>audiebatur.</span> <span class='ocrx_word' id='word_1_194' title='bbox 1324 3541 1325 3548; x_wconf 77' lang='grc'>’</span> 
     </span>
    </p>
   </div>
   <div class='ocr_carea' id='block_1_10' title="bbox 245 3653 1233 3752">
    <p class='ocr_par' dir='ltr' id='par_1_10' title="bbox 245 3653 1233 3752">
     <span class='ocr_line' id='line_1_28' title="bbox 245 3653 1233 3752; baseline 0.001 -27"><span class='ocrx_word' id='word_1_195' title='bbox 245 3653 314 3726; x_wconf 93' lang='lat' dir='ltr'>Sed</span> <span class='ocrx_word' id='word_1_196' title='bbox 347 3654 375 3728; x_wconf 91' lang='lat' dir='ltr'>is</span> <span class='ocrx_word' id='word_1_197' title='bbox 403 3678 521 3727; x_wconf 90' lang='lat' dir='ltr'>rumor</span> <span class='ocrx_word' id='word_1_198' title='bbox 540 3654 692 3740; x_wconf 87' lang='lat' dir='ltr'>clemens</span> <span class='ocrx_word' id='word_1_199' title='bbox 713 3674 797 3726; x_wconf 89' lang='lat' dir='ltr'>erat.</span> <span class='ocrx_word' id='word_1_200' title='bbox 859 3657 1023 3751; x_wconf 77' lang='lat' dir='ltr'>Qrorum</span> <span class='ocrx_word' id='word_1_201' title='bbox 1053 3653 1233 3752; x_wconf 88' lang='lat' dir='ltr'>Jugurtha</span> 
     </span>
    </p>
   </div>
   <div class='ocr_carea' id='block_1_11' title="bbox 245 3759 1325 3874">
    <p class='ocr_par' dir='ltr' id='par_1_11' title="bbox 245 3759 1325 3874">
     <span class='ocr_line' id='line_1_29' title="bbox 245 3759 1325 3874; baseline -0.006 -25"><span class='ocrx_word' id='word_1_202' title='bbox 245 3795 387 3874; x_wconf 85' lang='lat' dir='ltr'>accepta</span> <span class='ocrx_word' id='word_1_203' title='bbox 410 3775 566 3850; x_wconf 88' lang='lat' dir='ltr'>oratione</span> <span class='ocrx_word' id='word_1_204' title='bbox 591 3759 792 3873; x_wconf 89' lang='lat' dir='ltr'>respondit:</span> <span class='ocrx_word' id='word_1_205' title='bbox 835 3773 953 3848; x_wconf 85' lang='lat' dir='ltr'>“Sibi</span> <span class='ocrx_word' id='word_1_206' title='bbox 977 3801 1091 3874; x_wconf 88' lang='lat' dir='ltr'>neque</span> <span class='ocrx_word' id='word_1_207' title='bbox 1121 3773 1232 3872; x_wconf 87' lang='lat' dir='ltr'>majus</span> <span class='ocrx_word' id='word_1_208' title='bbox 1324 3785 1325 3818; x_wconf 39' lang='lat' dir='ltr'>l</span> 
     </span>
    </p>
   </div>
   <div class='ocr_carea' id='block_1_12' title="bbox 0 0 1336 4686">
    <p class='ocr_par' dir='ltr' id='par_1_12' title="bbox 0 0 1336 4686">
     <span class='ocr_line' id='line_1_30' title="bbox 0 0 1336 4686; baseline 0 0"><span class='ocrx_word' id='word_1_209' title='bbox 0 0 1336 4686; x_wconf 95' lang='lat' dir='ltr'> </span> 
     </span>
    </p>
   </div>
  </div>
 </body>
</html>
