2664 4692
270 301 750 454 DsRar.Ortn1nnunA.
778 341 845 427 Er.
870 349 901 422 1:
933 359 938 368 '
1008 372 1075 446 241

93 502 261 598 midatur.
301 505 354 596 ”ld
372 523 501 613 evenit,
528 522 610 622 quia
636 523 795 621 plerique
822 511 936 597 rerum
955 526 1077 622 poten*

8 735 9 742 ἵ
93 664 146 717 tes
160 640 319 742 perverse
336 641 538 717 consulunt:
568 649 602 717 dc
621 665 663 717 eo
679 631 711 716 se
726 644 927 717 munitiores
941 661 1077 741 putant,

93 791 169 864 quo
185 764 249 854 illi,
278 765 405 861 quibus
423 763 640 862 imperitant,
664 741 849 862 nequiores
870 763 978 840 suere.
1029 773 1080 839 At
1187 809 1189 814 ·

96 906 221 958 contra
237 885 273 957 id
292 863 376 958 eniti
392 886 512 970 decet3
541 912 623 958 cum
641 885 709 982 ipse
727 890 858 976 bonus,
873 908 979 985 atque
997 887 1078 960 stre-

96 1009 189 1078 nuus
207 1009 258 1095 srt,
276 1005 327 1078 uti
346 1031 453 1103 quam
471 1005 627 1103 optumis
640 1005 829 1104 imperites.
879 1001 977 1082 Nam
1005 1005 1080 1106 pesa
1182 1005 1183 1010 ’

95 1124 215 1200 sumus
234 1125 379 1224 quisque
407 1125 604 1223 asperrume
629 1129 800 1202 restorem
819 1133 960 1225 patitur.
1011 1127 1079 1203 Sed

96 1247 162 1322 tibi
179 1249 247 1321 hoc
266 1247 407 1344 gravius
424 1248 485 1338 est,
513 1273 622 1346 qoam
649 1268 729 1321 ante
756 1270 791 1321 te
813 1250 999 1340 omnibuS,
1025 1277 1078 1323 ar·

96 1368 164 1442 mis
183 1389 279 1467 parta
296 1393 520 1466 componere.
569 1370 705 1442 Bellum
722 1371 868 1444 aliorum
886 1383 971 1468 pace
983 1373 1080 1444 mol*

97 1488 165 1563 lius
183 1489 327 1588 gessisti:
356 1491 401 1562 ad
419 1492 487 1563 hoc
505 1489 651 1563 vidores
668 1492 822 1588 prada'rn
841 1490 978 1589 petunt,
997 1491 1080 1566 visti

96 1611 194 1684 cives
210 1609 298 1684 sunt.
347 1611 442 1684 Inter
458 1613 519 1684 has
546 1611 765 1685 difficultates
783 1612 1008 1686 evadendum
1032 1614 1081 1688 est

97 1730 185 1816 tibi3
213 1749 318 1829 atque
335 1731 371 1806 in
388 1731 757 1830 posterum-firmanda
773 1730 858 1828 resp.
885 1757 957 1803 non
973 1733 1079 1814 armis

98 1851 221 1942 modo,
248 1877 362 1949 neque
389 1853 569 1926 adversum
588 1855 713 1943 hostes,
740 1852 810 1942 sed,
839 1852 937 1949 quod
965 1853 1080 1926 multo

98 1970 223 2070 majus,
251 1973 434 2072 multoque
450 1973 600 2072 asperius
616 1973 676 2063 est,
704 1973 804 2046 bonis
821 1972 913 2069 pacis
937 1973 1078 2048 artibus.

98 2097 199 2191 Ergo
215 2118 335 2166 omnes
354 2097 486 2192 magna
499 2094 736 2192 mediocrique
753 2093 917 2191 sapientia
938 2101 989 2170 res
1007 2095 1078 2174 huc

95 2205 230 2288 voca't:
258 2239 334 2312 quae
365 2205 510 2314 quisque
539 2236 686 2314 optuma
713 2215 839 2312 potest,
871 2215 921 2288 uti
949 2215 1077 2292 dicant.

96 2339 155 2408 Ac
174 2334 261 2408 mihi
277 2339 320 2410 fic
337 2337 492 2410 videtur:
521 2337 771 2436 qualicumque
785 2338 893 2410 modo
909 2355 948 2408 tu
965 2337 1077 2411 visto·

96 2455 182 2529 riam
200 2455 447 2554 composueris,
473 2459 520 2532 ita
536 2459 601 2532 alia
618 2457 737 2532 omnia
755 2456 880 2532 futura.

146 2579 217 2651 Sed
252 2576 343 2675 jam,
383 2601 464 2676 quo*
484 2579 608 2652 melius
645 2578 846 2675 faciliusque
875 2576 1077 2668 constituas,

97 2698 229 2795 paucis,
257 2725 336 2798 quae
355 2725 413 2772 me
436 2699 572 2772 animus
599 2717 733 2788 monet,
760 2696 889 2792 accipe.
939 2698 1077 2770 Bellum

96 2819 162 2893 tibi
187 2817 267 2910 suit,
294 2823 502 2918 Imperator,
529 2846 612 2894 cum
638 2817 781 2892 homine
802 2819 911 2905 claro,
940 2815 1077 2915 magnis

92 2939 236 3037 opibus,
275 2940 390 3014 avido
410 2940 588 3039 potentiae,
625 2938 754 3038 majore
781 2935 935 3026 fortuna,
963 2962 1074 3035 quam
1125 2949 1126 2954 ’
1193 3018 1195 3033 ¹

94 3059 284 3158 sapientia:
313 3080 421 3159 quem
436 3060 542 3134 scenti
559 3059 636 3134 sunt
654 3059 770 3158 pauci,
797 3085 858 3156 per
872 3047 972 3131 suam
986 3056 1076 3156 inlu-¹

94 3181 179 3256 riam
196 3180 262 3255 tibi
279 3181 434 3255 inimici:
463 3182 547 3256 item
566 3207 653 3280 quos
672 3179 830 3270 affinitas,
857 3200 916 3254 aut
933 3179 999 3252 alia
1015 3205 1077 3252 ne-

87 3304 277 3393 cessitudO,
312 3303 429 3376 traxit.
487 3306 584 3376 Nam
607 3301 791 3399 particeps
812 3299 1075 3374 ‘dominationis

94 3447 210 3521 neque
239 3421 306 3508 fuit
335 3423 519 3521 quisquam
533 3453 544 3510 ;
583 3449 712 3520 neque,
751 3426 774 3495 fi
803 3421 873 3518 pati
900 3421 1074 3518 potuisset,

92 3543 187 3618 orbis
204 3563 376 3616 terrarum
395 3545 486 3616 bello
498 3547 680 3618 concussus
692 3543 791 3616 soret.
843 3545 965 3616 Cetera
983 3543 1075 3616 mul-

93 3663 207 3738 titudo
226 3665 341 3764 vulgi,
362 3691 459 3738 more
475 3653 600 3763 magis,
615 3653 735 3763 'quarn
744 3662 895 3760 judicio,
917 3663 991 3760 post
1013 3663 1102 3774 αΙί-ὓ

79 3811 132 3861 sus
147 3781 273 3876 alium,
302 3790 395 3884 quafi
422 3785 698 3885 prudentiorem,
725 3783 844 3858 secuti.
892 3786 959 3857 Per
980 3783 1075 3858 idem
1182 3819 1187 3830 ¹
1295 3847 1297 3855 .

544 3942 550 3968 ι
589 3912 626 3982 R
