2668 4698
127 367 296 440 Conana
315 346 954 438 Luc1unSano1uuCAr-1n1uanr.
1006 391 1074 464 315

103 539 242 637 copiam
266 539 557 616 innumerabilem
580 540 763 638 desperata
779 539 972 638 juventutis
994 571 1076 618 curn

102 661 162 736 illo
181 663 404 762 conjundlam
430 663 529 737 fuiffe
556 661 794 760 patefecimus,
821 667 855 736 &
883 687 960 736 eant
978 665 1076 738 simul

104 783 319 858 ostendimus
350 784 471 882 suopte
503 783 645 881 ingenio
678 782 851 856 furentem
884 782 1077 859 incredibili

101 906 263 996 audacia,
288 905 494 1003 summaque
510 903 698 1001 cupiditate
720 903 907 1000 prodendae
929 929 970 976 ac
988 929 1075 977 vex-

96 1027 202 1126 andae
238 1027 334 1100 urbis
368 1025 643 1100 inflammatam:
689 1023 774 1121 quid
802 1024 879 1113 erit,
918 1025 1073 1119 Judices,

99 1147 196 1245 quod
225 1146 388 1220 dubitetis
416 1147 461 1218 de
485 1145 665 1218 liberanda
693 1143 816 1242 patria,
844 1123 960 1240 deduc
975 1143 1075 1218 ulcis-

97 1269 209 1342 cenda
225 1263 446 1340 crudelissimi
463 1265 597 1339 sceleris
625 1264 869 1370 immanitate?
920 1267 1075 1340 Novistis

96 1389 192 1462 enirn
220 1386 352 1462 facinus
378 1386 572 1460 inauditum
601 1385 760 1459 omniurn
788 1385 972 1459 hominum
1000 1407 1074 1460 me-

95 1509 219 1598 moria,
251 1507 383 1582 facinus
410 1527 524 1596 atron,
556 1504 757 1602 superbum,
783 1503 967 1596 nefarium,
995 1533 1073 1606 per·

95 1626 279 1718 niciosum,
304 1626 569 1702 remotiffimum
586 1628 630 1699 ab
646 1625 744 1700 omni
759 1625 985 1716 humanitate,
1012 1653 1073 1700 na·

94 1769 184 1840 tura,
211 1749 304 1847 lege,
342 1746 613 1822 consuetudine:
654 1743 751 1844 cujus
784 1745 1021 1837 acerbitatem,
1048 1751 1071 1822 st

95 1867 213 1943 minus
230 1868 349 1942 animo
366 1869 455 1941 bene
473 1865 703 1964 perspexistis,
730 1865 845 1964 quaeso
862 1893 1001 1942 mecum
1018 1869 1072 1942 di·

94 1990 244 2088 ligenter
267 1987 444 2061 attendite.

145 2110 304 2184 XXXV.
333 2108 449 2182 Scelus
465 2107 566 2199 illud,
593 2109 749 2204 Judices,
775 2111 985 2182 everslonem
1012 2135 1072 2184 ne-

93 2228 220 2304 fariam
250 2226 456 2308 moliebatur
483 2229 697 2328 ampliffimae
730 2229 852 2304 nostrae
871 2229 1071 2328 dignitatis,

91 2348 278 2456 interitum
291 2348 565 2424 crudelissimum
582 2350 747 2424 Senatorii
767 2350 909 2441 ordinis,
939 2353 1074 2428 caedent

94 2495 325 2546 communem
349 2470 510 2544 omnium
538 2472 731 2544 bonorum:
759 2467 859 2568 hujus
881 2470 1014 2546 sceleris
1031 2473 1072 2546 li·

93 2590 181 2665 bido
205 2593 352 2687 reposita
378 2609 448 2662 erat
472 2589 509 2662 in
533 2590 735 2687 diripiendis
759 2591 918 2664 omnium
942 2591 1072 2666 civium

94 2709 334 2799 facultatibus,
370 2729 476 2807 atque
510 2710 742 2808 opprimenda
768 2709 863 2783 urbis
893 2709 1071 2784 libertate:

93 2830 179 2906 huic
206 2828 323 2903 sceleri
353 2833 560 2928 parabantur
581 2830 762 2904 teterrima
791 2828 997 2927 conjugum,
1033 2857 1074 2904 ac

93 2951 286 3026 liberorum
316 2951 511 3026 nostrorum
539 2949 764 3024 vexationes:
792 2950 828 3022 in
854 2952 922 3023 hoc
950 2948 1074 3026 scelere
1158 3029 1160 3035 ,
1229 3013 1234 3016 .

91 3069 315 3144 versabantur
351 3071 503 3168 denique
531 3069 648 3152 ¹faces.
667 3070 853 3146 inferenda
892 3073 1074 3171 penatibus

95 3190 237 3280 nostris,
284 3183 512 3288 expilationes
552 3191 698 3282 aedium,
743 3191 860 3290 stupra
893 3192 1074 3292 virginum
1123 3225 1126 3232 ·

94 3311 303 3401 Vestalium,
334 3312 446 3386 ludus
470 3337 510 3384 ac
535 3337 666 3384 moeror
685 3311 885 3387 miserabilis
909 3311 1074 3388 universa

89 3431 261 3506 civitatis,
307 3428 399 3526 Quae
425 3434 448 3505 fi
475 3431 590 3521 vobis,
615 3451 655 3504 ut
680 3431 770 3523 sunt,
796 3433 942 3532 indigna
967 3453 1074 3530 atque

90 3551 323 3632 intolerabilia
346 3551 524 3642 ¹videntur,
555 3578 627 3624 non
651 3552 811 3652 iniquum
837 3553 912 3642 erit,
939 3549 1075 3628 autores

91 3672 223 3744 horum
241 3711 245 3724 ·
262 3672 436 3744 malorum
476 3674 625 3746 multare
662 3672 844 3747 teterrimis
884 3670 1073 3770 suppliciiS,

91 3792 304 3888 clademque
338 3791 501 3879 omniurn
533 3793 799 3868 crudelissimam
837 3819 858 3866 e
889 3794 1075 3870 visceribus
