2668 4698
260 349 328 443 318
414 343 571 417 'Poncrr
598 343 809 417 Lnrnours
830 343 1108 416 Dactxunrro

257 523 332 592 Aut
346 519 449 592 hodie
465 519 565 592 vobis
582 517 813 618 propulsanda
829 519 879 593 est
896 544 915 592 e
929 517 1114 593 visceribus
1125 519 1229 618 Reip.

257 637 416 736 pestifera
440 639 491 712 vis
511 639 725 732 calamitatis,
748 659 808 714 aut
822 639 884 738 ipfi
901 639 1019 738 pattiae
1037 641 1106 714 fine
1123 641 1231 714 dubio

256 759 532 834 concidendum:
564 779 682 834 utrum
699 760 901 860 eligendum
919 765 970 852 sit,
988 785 1051 834 vos
1063 759 1229 834 videritis.

255 881 353 978 Qrid
370 881 459 972 estis,
489 881 643 976 Judices,
662 882 876 956 humanitate
886 901 994 972 tanta,
1024 905 1068 954 ne
1078 880 1231 956 secordia

255 1002 384 1090 dicam,
412 1021 451 1074 ut
479 1028 599 1075 eorum
626 1003 749 1092 vitam,
781 1028 821 1076 ac
850 1001 1006 1100 spiritum
1035 1000 1166 1078 diutius
1194 1002 1229 1076 in

159 1121 163 1128 ’
256 1124 398 1218 Repub.
423 1109 631 1196 commorari
650 1122 841 1219 patiamini,
877 1123 938 1221 qui
954 1121 1033 1197 vita
1063 1120 1230 1221 salutique

254 1241 385 1316 civium
402 1243 585 1316 crudeliter
611 1243 758 1318 infidiati
780 1243 882 1318 sunt?
913 1243 1112 1342 Ptaeponite
1127 1245 1231 1320 vobis

252 1383 333 1436 ante
349 1365 482 1454 oculos,
516 1389 556 1438 ac
567 1365 791 1438 meditatione
809 1367 928 1468 crebra
944 1364 1115 1438 revolvite
1132 1365 1227 1439 diem

253 1483 353 1556 illum
378 1483 562 1576 nefarium,
591 1511 662 1584 quo
687 1485 773 1561 salus
794 1485 958 1558 omnium
981 1484 1127 1575 civium,
1159 1512 1231 1584 quo

253 1603 431 1680 facultates
457 1605 597 1697 nostra,
632 1633 705 1702 quo
735 1633 787 1680 res
816 1605 886 1703 ipsa
912 1606 1053 1702 publica
1078 1607 1230 1703 peritura

253 1725 385 1800 fuerat:
420 1727 562 1824 quando
586 1725 713 1800 scilicet
737 1724 980 1824 aspexiffemus
1006 1726 1129 1800 bestias
1151 1727 1229 1801 istas

253 1848 388 1920 emissas
405 1847 599 1922 carceribus
624 1873 687 1944 per
702 1849 828 1921 urbem
846 1871 1006 1936 omnem,
1033 1872 1094 1943 per
1105 1849 1231 1922 domos

253 1967 385 2040 nostras
411 1967 577 2040 furialiter
601 1969 810 2058 exultantes,
841 1965 1025 2064 ipsumque
1051 1967 1088 2038 in
1110 1967 1230 2064 primis

252 2085 436 2162 miserandi
466 2086 629 2160 facinoris
644 2089 786 2162 ‘ducem
814 2113 854 2161 ac
884 2087 1079 2184 principem
1108 2088 1227 2162 Catili-

252 2233 348 2298 nam,
375 2209 621 2282 confirmatum
638 2209 705 2280 hoc
711 2205 861 2304 judicio,
889 2206 946 2305 spe
960 2209 1119 2304 plenum,
1143 2209 1226 2282 laeti-

250 2327 296 2399 tia
314 2327 535 2424 gestientem:
556 2352 649 2402 nunc
661 2329 724 2400 hos
740 2329 785 2401 ad
800 2329 932 2402 caedem
950 2327 1113 2418 nostram,
1132 2355 1227 2404 nunc

248 2447 326 2520 illos
355 2449 400 2520 ad
427 2447 598 2545 rapinam,
628 2467 733 2548 atque
760 2449 1067 2524 inflammationem
1093 2450 1226 2526 adium

249 2569 505 2644 devocantem:
533 2568 700 2668 conjuges
723 2593 742 2643 e
763 2569 1008 2667 complexibus
1032 2569 1154 2643 nostris
1180 2571 1224 2642 ad

248 2688 432 2764 libidinem
450 2689 624 2764 victorum
641 2710 748 2788 raptae
765 2689 921 2764 foillent:
941 2689 1040 2763 liberi
1052 2692 1098 2763 ad
1109 2689 1224 2786 stupra

246 2811 292 2884 de
304 2811 447 2908 gremiis
460 2830 644 2908 parentum
658 2811 799 2901 extorti,
819 2809 962 2908 pretiosa
978 2809 1160 2908 suppellex
1176 2807 1224 2882 as-

248 2949 399 3025 portata,
425 2931 516 3004 tecta
532 2933 794 3030 conflagtaffent
812 2931 966 3030 ignibus,
985 2956 1130 3027 corpora
1143 2927 1224 3004 caesa

247 3051 368 3146 pallam
395 3047 591 3146 jacuiffent,
627 3051 746 3124 omnia
767 3052 919 3151 denique
945 3049 1092 3150 gemitU,
1123 3055 1223 3124 fletu·
1324 3099 1325 3128 l

201 3157 206 3170 ¹
246 3193 316 3267 que
329 3169 583 3244 redundaffent.
633 3175 725 3246 Haec
747 3170 859 3252 fuiffet
884 3170 1004 3271 imago
1023 3170 1224 3246 miserrima
1324 3253 1325 3262 χ

245 3289 355 3381 urbis,
384 3317 492 3389 quam
512 3294 635 3366 urbem
657 3319 679 3368 a
701 3291 887 3392 majoribus
910 3292 1034 3372 nostris
1052 3291 1222 3367 florentis·
1324 3355 1325 3366 ,

246 3415 366 3486 simam
396 3411 620 3508 accepimus:
654 3418 702 3502 ὅτ,
731 3419 754 3486 s1
784 3412 1041 3511 prohibueritis,
1077 3415 1219 3503 claram,
1324 3411 1325 3418 '

245 3554 351 3631 atque
369 3535 598 3606 excellentem
616 3533 763 3631 posteris
780 3533 906 3616 nostris
918 3534 1077 3608 tradituri
1095 3533 1219 3615 sumus,
1324 3551 1325 3560 ’

294 3655 502 3728 XXXVIll.
528 3657 595 3727 Per
616 3654 870 3728 humanitatem
893 3655 1047 3752 denique
1069 3652 1230 3734 vestram

244 3799 307 3848 vos
323 3774 489 3890 obtestor,
508 3796 612 3874 atque
628 3771 782 3866 obsecre,
802 3775 957 3874 Judices,
984 3799 1046 3874 per
1061 3799 1217 3858 amorem.
1324 3799 1325 3808 ’
