2662 4686
265 331 331 427 158
478 327 522 401 C.
554 312 745 402 Cirrsrr
774 326 1070 405 Snaau'srrr

260 502 434 574 coaluerat
451 499 544 574 inter'
556 501 649 592 saxa,
676 501 872 599 paullulum
888 501 999 576 modo
1016 521 1142 598 prona,
1164 501 1251 576 dein

257 623 350 694 flexa
372 642 478 720 atque
493 623 594 694 aussa
610 622 647 694 in
664 617 899 717 altitudinem,
923 649 996 722 quo
1019 625 1146 698 cundia
1164 623 1248 724 gig-

253 741 420 816 ..nentium
448 762 570 816 natura
597 741 688 818 sert:
715 741 814 842 cujus
840 743 942 818 ramis
974 744 1098 835 modo,
1133 747 1247 820 modo

259 864 495 938 eminentibus
522 863 611 938 saxis
638 864 729 940 nisus
759 865 888 968 Ligus,
908 864 1036 940 castelli
1055 863 1245 962 planiciem

257 983 456 1083 perscribit;
484 985 582 1084 quod
599 985 716 1060 eunus
741 987 910 1060 Numidae
934 985 1057 1060 intenti
1085 985 1246 1083 praelian·

256 1105 349 1179 tibus
378 1106 533 1180 aderant.
585 1106 784 1204 Exploratis
826 1107 1004 1198 omnibus,
1036 1131 1115 1205 quae
1156 1133 1247 1182 mox

256 1225 332 1299 usui
350 1224 425 1299 sore
440 1228 605 1318 ducebat,
624 1230 748 1302 eadem
775 1227 981 1328 regreditur,
998 1253 1072 1302 non
1093 1247 1243 1320 temere,

190 1403 198 1430 ,
255 1345 308 1420 uti
334 1343 545 1438 escenderat,
573 1347 631 1422 sed
656 1368 792 1422 tentans
819 1346 939 1422 omnia
973 1351 1007 1422 st
1036 1347 1243 1447 circumspi-

256 1465 362 1541 ciens.
412 1471 536 1566 Itaque
551 1469 710 1544 Marium
724 1483 870 1568 p'ropere
883 1468 980 1555 adit;
1004 1471 1081 1544 aaa
1102 1471 1242 1562 edocet,

255 1588 426 1680 hortatur,
450 1593 496 1664 ab
514 1615 555 1663 ea
571 1610 682 1688 parte,
706 1617 777 1688 qua
799 1589 871 1688 ipse
893 1583 1102 1680 escenderat,
1120 1591 1243 1666 castel-

252 1710 331 1782 lum
342 1729 475 1784 tentet:
501 1710 687 1808 pollicetur
703 1709 771 1784 sese
793 1711 922 1784 itineris
940 1710 1156 1810 periculique
1173 1714 1242 1787 du-

255 1857 347 1906 cem.
409 1831 545 1906 Marius
567 1857 651 1904 cum
675 1831 824 1931 Ligure,
855 1830 1019 1930 promissa
1041 1831 1242 1930 cognitum,

254 1977 301 2026 ex
323 1949 548 2050 presentibus
577 1951 691 2025 misit:
729 1978 881 2051 quorum
910 1952 959 2026 uti
990 1949 1156 2050 cujusque
1185 1953 1244 2028 in·

180 2083 187 2102 '
254 2072 400 2172 genium
424 2093 510 2162 erat,
532 2072 579 2146 ita
599 2099 674 2146 rem
695 2073 874 2148 difficilem
902 2093 963 2147 aut
983 2066 1123 2148 facilem
1148 2099 1242 2149 nun·

253 2193 400 2268 ciavere.
450 2191 609 2268 Consulis
637 2194 774 2267 animus
798 2213 915 2268 tamen
949 2195 1108 2292 paullum
1129 2221 1240 2271 arrec-

251 2333 320 2388 tus.
369 2317 493 2413 ltaque
518 2339 563 2386 ex
592 2313 694 2411 copia
721 2311 919 2388 tubicinum
946 2321 979 2390 ὅτ
1004 2296 1238 2409 cornicinum,

252 2460 402 2508 numero
429 2434 587 2534 quinque
612 2460 723 2538 quam
752 2434 996 2510 velocissumos
1023 2437 1171 2538 delegit,
1204 2443 1239 2512 st

251 2583 336 2630 com
359 2556 427 2649 his,
459 2557 616 2656 praefidio
638 2556 700 2656 qui
722 2553 851 2647 forent,
887 2575 1038 2656 quatuor
1062 2560 1238 2634 centurio,

251 2705 335 2786 nes:
373 2679 487 2754 omnis
516 2677 644 2780 Liguri
670 2671 793 2778 paiere
814 2677 931 2777 jubet,
963 2681 1000 2752 sc
1036 2679 1069 2754 ei
1094 2680 1240 2781 negotio

251 2829 470 2900 proxumum
495 2801 807 2876 diem'constituit.
1230 2890 1233 2899 Ι

302 2925 434 2997 XCIV.
465 2925 541 2998 San
571 2924 634 2998 ubi
661 2949 706 2997 ex
731 2943 905 3021 praecepto
934 2943 1075 3020 tempus
1098 2922 1240 3012 visum;

252 3043 380 3142 paratis
397 3043 666 3143 compositisque
688 3044 855 3120 omnibus
885 3045 930 3117 ad
962 3045 1081 3118 locum
1110 3045 1241 3144 pergit.
1268 3127 1273 3134 ‚

249 3165 418 3237 Ceterum
445 3163 509 3257 illi,
543 3164 605 3264 qui
621 3165 785 3247 centuriis
802 3184 983 3263 praeerant,
1003 3165 1171 3263 praedosti
1190 3171 1240 3241 ab

248 3287 355 3376 duce,
373 3310 471 3361 arma
488 3305 723 3384 ornatumque
740 3307 975 3376 mutaverant,
995 3287 1107 3384 capite
1127 3307 1237 3385 atque

249 3406 398 3504 pedibus
415 3406 531 3497 nudis,
566 3406 616 3480 uti
648 3405 846 3505 prospessus
872 3405 1030 3505 nisusque
1059 3433 1120 3505 per
1153 3405 1236 3483 saxa

246 3525 382 3602 facilius
409 3526 522 3602 foret:
553 3525 655 3625 super
669 3547 767 3627 terga
784 3528 940 3627 gladii&
958 3527 1078 3615 scuta3
1109 3554 1235 3603 verum

248 3675 291 3722 ea
304 3648 500 3724 Numidica
531 3675 577 3722 cx
611 3647 727 3739 coriis,
748 3649 911 3747 ponderis
929 3650 1038 3748 gratia
1056 3652 1172 3741 simul,
1200 3655 1235 3723 st

238 3767 378 3844 'offensa
397 3796 468 3869 quo
485 3768 596 3844 levius
612 3769 812 3867 streperent.
862 3770 976 3872 Igitur
999 3771 1233 3872 praegrediens
