2662 4686
403 305 747 404 Juanrsnn
860 299 864 303 ’
1043 335 1088 414 95

95 490 127 530 ‘¹
144 484 370 572 contemnit;
409 486 534 561 scilicet
582 484 848 576 existumabitis,
886 487 996 583 qualis
1031 489 1090 563 illa

96 613 126 648 “
144 633 231 704 pax,
246 683 249 688 ,
265 593 325 679 aut
353 608 498 698 deditio,
526 634 571 682 ex
597 636 668 706 qua
684 609 729 681 ad
745 610 958 706 jugurtham
987 609 1089 684 scele-

97 734 126 769 “
143 753 223 800 rum
253 728 460 825 impunitas,
499 731 544 803 ad
578 756 708 827 paucos
734 729 883 826 potentis
912 755 1087 804 maxumae

97 855 127 890 “
144 848 296 938 divitiae,
325 849 361 922 in
383 841 639 947 rempublicam
656 852 800 940 damna,
819 851 995 924 dedecora
1012 878 1089 950 per-

98 976 124 1010 “
143 970 319 1042 venerint.
370 971 445 1044 Nisr
469 969 558 1044 sorte
575 973 735 1044 nondum
758 970 862 1044 etiam
886 995 948 1044 vos
971 973 1086 1046 dorni·

12 1074 14 1092 i
86 1097 124 1134 '⁴‘
142 1091 295 1164 nationis
316 1117 438 1164 eorum
451 1089 582 1164 satietas
600 1097 707 1180 senet,
735 1095 768 1164 &
797 1091 870 1181 illa,
885 1118 992 1189 quam
1011 1095 1087 1168 haec

97 1219 123 1254 “
141 1232 319 1310 tempora,
338 1211 451 1310 magis
470 1213 623 1309 placent,
642 1239 724 1285 cum
744 1237 864 1310 regna,
879 1213 1085 1308 provinciae,

98 1340 124 1375 “
144 1335 256 1431 leges,
288 1331 383 1431 jura,
418 1332 566 1432 judicia,
610 1336 732 1424 bella,'
753 1341 875 1431 paees3
912 1335 1086 1431 postremo

97 1448 267 1526 “divina
293 1459 327 1526 &
351 1456 510 1528 humana
528 1455 648 1527 omnia
669 1479 774 1551 penes
803 1481 933 1552 paucos
961 1476 1083 1528 erantt

97 1580 210 1648 “vos
234 1594 367 1666 autem,
394 1577 462 1648 hoc
480 1576 540 1664 est,
570 1577 721 1673 populus
740 1579 937 1679 Romanus,
964 1576 1086 1650 invicti

97 1699 192 1769 “ab
213 1696 385 1786 hostibus,
405 1696 629 1793 imperatores
654 1695 814 1769 omnium
834 1698 1005 1794 gentium,
1033 1697 1084 1773 sa·
1185 1709 1192 1718 ”

97 1817 191 1890 “tis
224 1817 403 1890 habebatis
435 1817 590 1890 animam
616 1818 770 1903 retinere.
821 1819 918 1890 Nam
941 1817 1084 1892 servitu-

98 1944 126 1980 “
145 1957 218 2010 tem
254 1937 399 2033 quidem
436 1938 513 2035 quis
545 1939 694 2010 vestram
724 1936 878 2011 recusare
902 1917 1080 2010 audebat?
1147 2019 1151 2025 .

96 2066 123 2102 “
144 2063 269 2155 Atque
285 2084 350 2156 ego
360 2064 485 2132 'tamen
498 2063 555 2136 etfi
573 2058 651 2132 viro
668 2058 982 2158 flagitiosissumum
995 2057 1083 2132 exis-

97 2185 128 2221 “
149 2197 254 2250 turno
278 2177 422 2276 impune
451 2179 613 2278 injuriam
642 2181 833 2278 accepiffe3
872 2200 989 2254 tamen
1020 2201 1083 2254 vos

98 2306 127 2343 “
149 2297 363 2374 hominibus·
382 2293 656 2376 sceleratissumis
682 2302 877 2402 ignoscere,
894 2325 900 2336 “
916 2302 1084 2400 quoniam
1144 2355 1149 2364 ·

99 2428 128 2464 “
146 2421 239 2494 cives
255 2420 347 2512 sunt,
372 2449 474 2521 aequo
496 2425 615 2498 animo
633 2444 780 2522 paterer,
802 2423 864 2498 nifi
888 2421 1081 2497 misericor·-

99 2541 203 2616 “dia
230 2542 268 2614 in
301 2544 492 2640 perniciem
515 2544 632 2620 casura
657 2548 749 2618 esset.
817 2548 914 2618 Nam
940 2549 985 2648 διι
1000 2544 1081 2635 illis,

103 2672 322 2763 “quantum
363 2665 636 2762 importunitatis
674 2668 817 2752 habent,
856 2687 980 2760 parum
1017 2663 1080 2753 est,

101 2793 128 2828 “
146 2786 291 2883 impune
315 2787 406 2858 male
424 2784 552 2876 fecisse,
567 2786 629 2859 nisi
652 2785 780 2860 deinde
800 2784 952 2858 faciundi
974 2783 1081 2857 lieen-

99 2905 191 2980 “tia
223 2907 387 3003 eripitur:
422 2911 455 2980 ὅτ
489 2907 590 2982 vobis
633 2926 760 2995 aeterna
793 2903 989 2978 sollicitudo
1027 2932 1080 2980 re-

101 3034 127 3069 “
146 3026 318 3117 manebit,
365 3053 447 3101 cum
487 3027 708 3126 intellegetis,
754 3045 812 3102 aut
852 3023 1081 3104 serviundum
1128 3025 1130 3029 ’

102 3155 127 3190 “
144 3151 225 3238 effe,
273 3169 332 3222 aut
371 3174 432 3246 per
457 3175 581 3222 manus
616 3149 808 3221 libertatem
849 3146 1082 3223 retinendam.

83 3265 127 3311 ·‘²
143 3271 241 3342 Nam
269 3268 351 3342 fidei
378 3269 537 3365 quidem,
569 3289 629 3342 aut
656 3268 851 3343 concordiae
881 3293 960 3366 quae
983 3268 1080 3365 spes?

105 3388 334 3463 “Dominari
362 3388 413 3461 illi
437 3392 585 3477 volunt;
626 3417 689 3464 vos
720 3389 818 3463 liberi
847 3393 932 3462 esse:
970 3389 1082 3462 facere

104 3513 129 3550 “
147 3508 194 3582 illi
228 3507 394 3608 injurias;
438 3535 501 3582 vos
529 3509 733 3607 prohibere:
768 3510 943 3606 postremo
981 3506 1080 3582 sociis

51 3666 53 3675 ·
103 3631 263 3704 “vestris
315 3630 424 3704 veluti
474 3631 653 3716 hostibus;
697 3630 856 3703 hostibus
890 3654 953 3725 pro
969 3625 1082 3704 ,sociis

101 3757 127 3793 “
145 3771 304 3826 utuntur.
356 3751 517 3826 Potestne
549 3751 586 3825 in
626 3770 698 3828 tarn
728 3750 872 3826 divorfis
906 3749 1081 3826 mentibus
