2672 4682
433 239 810 395 Jununrrrn.
1004 319 1100 416 479

102 477 243 552 tametfi
256 473 388 552 Romae
404 475 442 550 in
465 476 586 551 amicis
604 479 784 568 habuerat,
812 495 930 550 tamen
955 477 1100 552 adcura·
1157 519 1163 526 -

102 601 233 675 tillime
249 598 408 696 recepit:
436 599 555 676 dando
574 605 608 674 ὅτ
627 599 853 697 pollicitando
870 594 1034 694 perfecit,
1048 599 1101 673 uti

103 721 214 812 fama,
222 723 313 812 fide,
323 721 497 818 postremo
509 720 673 796 omnibus
683 709 1102 794 suisrebus‘commodum

107 843 200 944 regis
218 841 416 917 anteferret.
467 841 640 940 Reliquos
658 843 791 940 legatos
813 840 938 912 eadem
955 839 1014 912 via
1040 837 1103 914 ad-

107 968 257 1064 greffuS,
279 962 461 1062 plerosque
474 963 568 1060 capit
583 995 594 1056 :¹
613 962 730 1060 paucis
748 961 857 1036 carior
874 963 974 1052 fides,
994 989 1103 1060 quam

108 1085 259 1184 pecunia
287 1083 366 1158 fuit.
416 1086 459 1158 ln
487 1084 672 1176 divifione,
696 1111 787 1188 ‘quae
816 1103 892 1182 pars
921 1083 1101 1157 Numidiae

107 1205 372 1284 Mauretaniam
389 1205 555 1304 adtingit,
574 1232 676 1305 agrn,
703 1205 787 1280 viris
804 1204 1018 1302 opulentior,
1036 1208 1102 1300 Ju-

110 1331 251 1428 gurthae
267 1327 418 1402 traditur
434 1356 443 1401 ε
471 1326 569 1401 illam
583 1327 726 1400 alteram
743 1324 869 1424 specie,
900 1353 1007 1424 quam
1023 1324 1101 1417 usu,

109 1449 298 1548 potiorem,
327 1475 406 1548 quae
427 1453 620 1546 portuosior
640 1451 674 1520 δι
692 1448 848 1522 aediliciis
865 1447 978 1547 magis
997 1473 1101 1522 exor-

109 1591 192 1644 nata
210 1586 295 1661 erat,
323 1571 506 1644 Adherbal
525 1569 682 1667 possedit.

157 1693 279 1766 XVII.
306 1695 388 1766 Rns
407 1689 580 1788 postulare
594 1689 735 1764 videtur
749 1688 882 1764 Africae
897 1694 997 1766 suum
1014 1718 1100 1789 pau·

110 1813 162 1889 cis
192 1839 383 1911 exponere,
415 1815 449 1884 δι
482 1837 537 1885 eas
583 1811 710 1911 gentis,
747 1806 959 1910 quibuscum
999 1810 1103 1884 nobis

109 1933 260 2026 bellurn,
297 1953 357 2007 aut
382 1931 539 2008 amicitia
566 1931 644 2024 suit,
675 1932 867 2030 adtingere.
918 1933 986 2007 Sed
1018 1962 1097 2035 quae

108 2058 190 2129 loca
210 2061 244 2128 δι
263 2054 415 2129 nationes
428 2057 478 2130 ob
495 2056 661 2145 calorem,
688 2074 748 2128 aut
765 2053 995 2152 asperitatem,
1017 2057 1104 2134 item

108 2173 317 2250 solitudines
343 2177 457 2250 minus
488 2176 706 2275 frequentata
737 2176 830 2267 sunt,
868 2179 913 2252 de
946 2177 974 2251 is
1007 2182 1103 2256 haud

107 2297 217 2374 facile
232 2319 453 2405 compertum
469 2299 684 2372 narraverim
700 2327 710 2372 z
738 2319 853 2372 cetera
878 2325 987 2395 quam
1016 2329 1102 2400 pau·

108 2419 266 2496 ciffumis
284 2419 476 2495 absolvam.

155 2535 203 2615 Iri
217 2541 387 2615 divifione
404 2542 496 2616 orbis
511 2563 609 2618 terrae
628 2543 786 2642 plerique
810 2543 847 2616 in
875 2565 1009 2640 partem
1036 2567 1104 2621 ter-

109 2661 199 2738 tiam
217 2660 380 2736 Africam
398 2659 567 2760 posuere:
599 2665 701 2762 pauci
719 2665 965 2736 tantummodo
983 2657 1103 2742 Asiam

112 2790 148 2862 ὅτ
179 2787 363 2882 Europam
389 2787 481 2872 effe;
509 2784 568 2859 sed
594 2786 756 2860 Africam
780 2785 817 2858 in
842 2785 997 2882 Europa.
1049 2787 1104 2861 Ea

108 2904 191 2979 finis
219 2907 327 2979 habet
355 2910 400 2980 ab
427 2907 624 2981 Occidente
648 2906 775 2980 fretum
804 2905 908 2980 nostri
937 2897 1047 2981 maris'
1068 2913 1103 2984 δι

108 3026 271 3103 Oceani:
291 3029 337 3128 ab
353 3047 434 3102 ortu
446 3026 525 3103 solis
537 3029 713 3104 declivem
727 3027 948 3102 latitudinem
964 3059 972 3102 ε
994 3057 1103 3130 quem
1135 3056 1145 3072 ‘

108 3147 657 3224 locumcatabathmon·inc01ae
674 3152 864 3249 adpellant.
914 3154 1017 3226 Mare
1044 3152 1104 3226 sae-

111 3295 215 3363 vum,
251 3263 541 3370 importuosum,
574 3277 674 3371 Ager
704 3271 847 3371 frugum
873 3270 1007 3365 fertilis,
1039 3275 1103 3346 bo-'

111 3419 175 3466 nus
206 3393 337 3491 pecori,
364 3393 482 3468 arbori
509 3392 739 3468 infecundus:
787 3393 894 3484 coelO,
932 3414 1023 3466 terra
1043 3418 1105 3489 pe-

112 3513 214 3587 nuria
250 3539 436 3614 aquarum.
487 3518 607 3590 Genus
641 3514 829 3588 hominum
862 3512 988 3587 salubri
1025 3539 1103 3587 cor-
1156 3561 1160 3571 ‹
1210 3563 1213 3572 ,

111 3659 214 3731 pore,
250 3638 373 3726 velox,
406 3635 540 3734 patiens
565 3637 751 3711 laborum:
790 3634 971 3733 plerosque
988 3633 1104 3710 senec-

108 3775 166 3831 tus
195 3757 365 3848 dissolvit,
402 3757 464 3834 nisr
489 3758 552 3856 qui
578 3756 682 3851 ferr0,
708 3778 769 3832 aut
785 3753 899 3832 bestiis
916 3752 1101 3832 interiere:
1219 3807 1229 3830 .
