2672 4682
441 329 754 406 'Cunarum
1053 356 1115 435 47,

17 489 18 494 Ἰ
111 516 142 554 “
161 526 305 608 paratae,
338 506 468 606 quibus
499 508 633 606 legibus
651 508 811 583 exsilium
828 509 1003 597 damnatis
1022 538 1099 610 per·

113 639 147 676 “
165 631 317 706 rniffum.
369 631 478 704 Hanc
495 655 564 729 ego
580 634 746 721 cantiam,
769 631 887 704 Patres
899 630 1097 731 conscripti,

114 759 233 851 “quo
255 750 377 824 minus
393 777 528 824 novum
553 751 735 828 confilium
756 752 947 850 capiamus,
973 753 1010 826 in
1028 756 1099 853 pri-

115 881 144 918 “
160 871 226 948 mis
250 899 421 971 magnam
451 895 548 971 puto.
599 872 760 948 Profecto
785 875 894 948 virtus
919 892 1024 971 atque
1049 873 1099 948 sa·

114 994 294 1094 “pientia
315 991 426 1091 major
442 994 479 1068 in
501 994 568 1067 illis
595 993 674 1084 fuit,
700 995 761 1092 qui
779 1001 824 1085 ex
841 995 960 1097 parvis¹
972 996 1100 1093 opibus

113 1123 145 1176 “=
160 1137 300 1190 tantum
322 1114 509 1213 imperium
532 1114 658 1205 fecere,
683 1142 792 1213 quarn
819 1115 857 1190 in
882 1117 997 1209 nobis,
1037 1119 1100 1217 qui

114 1246 200 1312 “ea
218 1241 311 1312 bene
328 1257 424 1335 parta
440 1236 503 1310 vix
519 1235 718 1312 retinemus.
769 1238 887 1310 Placet
899 1237 1019 1337 igitur,
1038 1265 1097 1313 eos
1159 1227 1162 1234 ⁴

113 1369 141 1404 “
159 1359 340 1434 dimitti&
359 1358 477 1456 augeri
493 1357 686 1456 exercitum
699 1359 885 1433 Catilinae?
916 1360 1112 1463 minume,
1185 1452 1190 1471 ι

114 1489 143 1526 “
161 1480 220 1555 sed
253 1480 299 1554 ita
336 1477 479 1552 censeo:
519 1479 744 1577 publicandas
772 1465 897 1555 eorum
919 1481 1098 1579 pecunias,

116 1602 253 1700 “ipsos
276 1601 312 1674 in
340 1600 489 1674 vinculis
509 1601 689 1678 habendos
712 1627 773 1699 per
789 1602 991 1700 municipia,
1018 1629 1098 1701 quae

114 1732 143 1768 “
163 1749 331 1798 maxume
351 1721 480 1820 opibus
508 1724 647 1796 valent:
676 1749 745 1796 neu
771 1721 849 1821 quis
870 1723 915 1794 de
935 1722 962 1796 is
983 1724 1101 1820 postea

116 1846 210 1917 “ad
238 1845 403 1916 Senatum
430 1840 567 1932 referat,
595 1869 685 1918 neve
715 1870 798 1918 curn
823 1843 957 1941 populo
993 1863 1097 1939 agat:

115 1964 225 2062 “qui
252 1963 352 2038 aliter
387 1963 522 2053 fecerit,
553 1965 719 2038 Senatum
758 1964 981 2054 existumare,
1016 1989 1100 2036 eum

115 2093 143 2130 “
163 2105 286 2159 eontra
308 2084 561 2184 rempublicam
601 2089 636 2158 &
672 2083 816 2160 salutem
840 2081 1001 2160 omnium
1028 2081 1099 2160 fac-

116 2214 147 2250 “
165 2205 322 2280 turum.''
407 2258 409 2271 r

165 2329 245 2403 LII.
263 2325 455 2426 Postquam
467 2325 579 2402 Caesar
594 2328 734 2403 dicendi
751 2331 860 2404 finem
872 2328 968 2419 fecit,
994 2329 1098 2404 ceteri

114 2453 224 2524 verbo
241 2449 331 2522 alius
351 2448 411 2522 alii
428 2448 843 2526 varieadsentiebantur:
871 2471 907 2528 at
929 2455 987 2526 M.
1010 2453 1099 2524 Por·

114 2570 186 2644 eius
214 2571 305 2644 Cato
334 2592 477 2670 rogatus
505 2569 723 2664 sententiani,
749 2572 991 2674 hujuscemodi
1020 2597 1099 2648 ora-

114 2691 246 2766 tionem
263 2693 398 2768 habuit.

166 2817 341 2912 “Longe
363 2815 450 2888 mihi
467 2815 532 2890 alia
549 2841 648 2890 mens
673 2815 737 2907 est,
764 2815 882 2888 Patres
904 2813 1101 2912 conscripti,

118 2939 145 2976 “
160 2962 243 3009 cum
259 2961 313 3010 res
330 2955 435 3034 atque
451 2937 602 3034 pericula
620 2936 734 3010 nostra
751 2939 944 3026 confidem,
969 2940 1003 3010 δι
1017 2962 1101 3010 curn

117 3055 344 3131 “sententias
361 3059 613 3134 nonnullorum
630 3083 770 3131 mecum
783 3055 852 3155 ipse
865 3076 1000 3155 reputo.
1045 3057 1102 3136 Illi

117 3177 249 3251 “mihi
273 3178 462 3260 differuiffe
488 3179 652 3286 videntur
678 3181 723 3253 de
749 3205 855 3277 poena
876 3203 1012 3269 eorum,
1040 3179 1103 3276 qui

117 3305 142 3340 “
159 3299 298 3399 patriae,
326 3300 539 3399 parentibus,
565 3300 630 3374 aris
647 3321 752 3399 atque
774 3298 858 3374 focis
879 3298 947 3376 suis
967 3300 1103 3373 bellurn
1218 3383 1223 3392 ,

117 3426 141 3462 “
160 3445 339 3518 paravere:
356 3446 409 3494 res
420 3441 537 3496 autem
548 3442 682 3511 monet,
695 3447 818 3495 cavere
828 3423 873 3495 ab
886 3419 966 3508 illis,
981 3443 1104 3516 quarn,

15 3577 19 3590 ·
119 3545 144 3580 “
162 3541 252 3639 quid
265 3541 382 3615 inillis
396 3543 598 3632 statuamus,
626 3540 830 3615 consultare.
880 3542 978 3614 Nam
991 3559 1104 3614 cetera
1122 3539 1127 3545 ’

119 3665 146 3702 “
163 3679 240 3736 tum
267 3661 483 3762 persequare,
510 3662 572 3737 ubi
589 3662 680 3736 fana
696 3661 799 3749 sunt3
826 3663 910 3751 hoc,
937 3658 998 3732 nisi
1023 3688 1104 3758 pro·
1163 3665 1165 3680 '

117 3785 145 3828 “
163 3781 304 3876 videris,
330 3809 375 3862 ne
398 3783 559 3872 accidat3
586 3783 650 3858 ubi
678 3781 807 3874 evenit,
834 3779 958 3856 frustra
967 3779 1104 3881 judicia
1127 3859 1128 3868 χ
