2668 4698
287 323 356 442 278
555 344 698 438 Jurrus
727 344 1070 424 Exsuraraurrus

286 513 506 614 proditores:
540 515 623 615 quia
641 517 773 618 egestas
796 517 893 592 haud
921 515 1022 597 facile
1038 519 1191 596 habetur
1208 521 1277 594 fine

286 639 431 712 damno.
484 639 565 712 Hos
595 637 701 737 igitur
728 638 879 730 Marius,
911 639 1041 737 quibus
1062 665 1135 718 non
1164 637 1276 716 fuerat

288 757 396 858 Resp.
415 759 683 850 committenda,
703 759 807 834 duxit
824 762 870 834 ad
887 762 1035 838 bellum.
1085 762 1152 835 Sed
1188 760 1276 834 forte

287 882 333 954 L.
352 881 482 978 Syllam
501 883 672 980 legatum,
691 907 805 959 unum
833 883 879 956 de
908 881 1101 971 nobilibus,
1132 881 1170 958 in
1194 908 1275 979 pro·

287 1001 441 1076 vinciam
458 1003 572 1081 duxit.
624 1007 746 1100 Atque
763 1003 811 1076 ibi
829 1000 991 1082 confedo
1007 1001 1153 1080 feliciter
1166 1004 1274 1092 bello,

288 1127 322 1198 a
341 1125 517 1222 Jugurtha
531 1144 650 1220 capt0‚
668 1125 713 1198 ad
730 1127 855 1200 urbem
873 1122 1006 1200 rediere
1022 1123 1184 1198 viatores.
1210 1129 1274 1198 Ar·

289 1269 358 1342 que
388 1243 518 1334 statim,
546 1245 676 1318 virtute
709 1245 867 1344 cognita,
894 1243 1033 1320 Marius
1056 1243 1093 1320 in
1123 1243 1276 1318 Galliam
1327 1315 1328 1332 ,

289 1362 422 1458 miss'us,
437 1393 517 1466 quae
534 1387 618 1440 tunc
637 1360 821 1444 Romanos
840 1369 927 1446 fines
944 1365 1060 1444 hostili
1079 1364 1276 1448 incursione

287 1489 449 1563 vexabat.

339 1610 403 1687 ΙΙΙ,
434 1611 572 1694 Eodem
603 1630 762 1706 tempore
787 1607 1012 1685 Mithridates
1030 1633 1114 1682 cum
1139 1609 1276 1706 magnis
1327 1589 1328 1610 Ι

288 1729 398 1828 copiis
416 1731 612 1806 universam
630 1735 749 1804 Asiam
766 1727 936 1827 urbesque
949 1727 1124 1808 sociorum
1137 1754 1275 1828 expug-

288 1853 408 1930 nando
424 1873 530 1949 atque
547 1851 716 1927 vastando
735 1851 844 1948 coepit
861 1850 1025 1948 affligere.
1077 1850 1139 1926 Ad
1171 1877 1276 1948 quem

290 1974 525 2060 coercendum
553 1975 600 2049 L.
624 1973 717 2070 Sylla
735 1972 783 2046 est
799 1997 882 2046 cum
899 1971 1055 2048 exercitu
1071 1971 1277 2062 destinatus,

288 2091 384 2191 eujus
410 2095 446 2170 in
476 2093 644 2183 Africano
660 2093 754 2168 bello
772 2095 919 2191 probata
947 2112 1018 2166 erat
1047 2092 1203 2190 corporis
1230 2112 1278 2167 at-

290 2240 361 2312 que
389 2215 498 2303 animi
523 2215 745 2313 magnitudm,
795 2216 882 2288 Hoc
898 2214 963 2288 ubi
978 2211 1096 2290 Mario
1114 2239 1277 2310 comper-

209 2325 212 2333 ’
289 2354 368 2414 tum
383 2335 445 2434 est,¹
472 2335 672 2425 terminare,
703 2335 801 2432 quod
827 2335 983 2434 gerebat,
1005 2334 1171 2432 proelium
1189 2332 1279 2410 festi-

290 2456 413 2534 navit:
445 2459 609 2534 &homo
625 2454 770 2534 infinitae
789 2456 941 2554 cupidus
960 2456 1091 2554 gioria,
1117 2481 1193 2528 non
1220 2484 1279 2555 pa-.

289 2578 437 2656 tiebatur
455 2579 651 2658 libertatem
668 2578 945 2678 dignitatemque
962 2582 1166 2658 Romanam
1195 2580 1265 2651 alte
1298 2659 1300 2662 ,

290 2699 359 2776 rius
378 2701 505 2774 virtute
521 2698 676 2776 defendi
715 2699 902 2778 Contusrs
884 2699 1002 2798 igitur
1020 2698 1146 2789 Gallis,
1166 2700 1280 2776 vasta.

289 2842 395 2922 taque
425 2821 565 2914 natione
594 2821 730 2919 penitus
759 2823 1003 2911 barbarorum,
1031 2823 1227 2904 Romam
1218 2844 1280 2902 tte·
1327 2895 1328 2906 ,

290 2967 372 3016 rum
389 2941 525 3018 viator
517 2941 668 3030 rntravit.
719 2945 840 3042 Itaque
865 2939 1089 3017 ἱηΙΙίηέΙυ
1061 2969 1133 3042 ejus
1164 2943 1328 3040 Sulpi-1

291 3061 366 3148 cius
393 3061 574 3142 Tribunus
603 3062 713 3160 plebis
747 3065 865 3162 legem
889 3063 983 3156 tulit,
1018 3083 1057 3142 ut
1091 3063 1328 3172 auferretur

291 3183 393 3282 Syllae
411 3182 591 3279 provincia
609 3210 649 3258 ae
668 3180 785 3264 Mario
801 3186 955 3260 daretur.
996 3189 1081 3266 Hoc
1099 3187 1203 3282 Syllae
1220 3185 1279 3258 ubi

217 3320 220 3332 '
291 3303 500 3381 nunciatum
518 3303 580 3394 est,
610 3308 800 3396 Murenam
824 3307 981 3404 legatum
1010 3305 1112 3400 suum
1136 3305 1278 3404 provin·

292 3427 353 3502 ciae
376 3423 634 3522 Valerianisque
652 3425 807 3522 praefecit
826 3427 1011 3518 militibus,
1035 3453 1126 3526 quos
1154 3429 1278 3529 infidos

292 3547 393 3622 bellis
423 3536 644 3640 existimabat
676 3549 744 3620 effe
773 3547 963 3622 civilibus:
1002 3553 1034 3623 ἂ
1074 3575 1160 3622 cum
1186 3568 1281 3647 parte

291 3669 477 3758 exercitus,
492 3666 764 3768 injuriae'dolore
781 3689 996 3758 commotus,
1011 3671 1055 3742 ad
1068 3669 1277 3768 extinguen·
1327 3735 1328 3742 ,

293 3792 376 3886 dam
394 3788 596 3882 Marianam
627 3788 723 3882 venit
756 3789 958 3878 fattionem,
984 3790 1110 3866 Statim
1129 3812 1170 3865 ut
1203 3795 1280 3866 Ro-
