2664 4692
238 361 311 454 πω
475 337 971 436 Decnnunnro

240 559 277 634 bi
295 557 413 633 litibus
435 558 636 647 accreverit,
663 581 732 655 qua
749 581 794 630 ex
810 553 957 653 pecunia
989 553 1139 628 domurn
1158 577 1220 651 pa-

241 678 385 768 raveris,
423 677 663 752 Tusculanum
702 679 736 748 &
777 675 1035 773 Pompeianum
1080 674 1221 774 infinito

240 798 356 874 sumtu
383 797 637 874 aedificaveris?
691 799 781 886 Aut,
809 775 972 870 fireticei
987 825 997 882 ;
1025 795 1083 868 cui
1113 794 1221 868 dubi-

239 948 302 995 um
321 920 438 1018 potest·
449 921 531 1008 efl'e,
545 917 630 1016 quin
647 917 862 1015 opulentiam
874 915 975 989 istam
992 941 1037 989 ex
1054 915 1221 1014 sanguine

241 1045 276 1116 dc
294 1039 436 1116 miseriis
454 1039 587 1114 civium
606 1038 801 1137 paraveris?
854 1039 1002 1124 Verum,
1021 1057 1060 1110 ut
1078 1037 1219 1134 opinor,

241 1164 351 1236 homo
380 1187 493 1235 novus
520 1160 687 1258 Arpinas,
715 1185 759 1232 ex
779 1159 821 1232 C.
840 1157 945 1258 Marii
975 1155 1120 1245 familia,
1148 1153 1220 1254 ejus

244 1288 413 1358 virtutem
445 1281 621 1368 imitatum
666 1277 861 1353 contemnit
898 1279 1107 1351 fimuttatem
1149 1279 1218 1352 ho-

242 1403 379 1480 minum
416 1403 615 1476 nobilium:
656 1377 766 1498 remp.
803 1425 919 1500 caran)
945 1399 1062 1486 habet,
1102 1421 1219 1495 neque

244 1545 386 1612 terrore,
431 1548 547 1621 neque
576 1521 686 1620 gratia
727 1539 996 1594 commovetur:
1036 1517 1142 1592 Illud*
1158 1543 1219 1590 ve-

243 1671 283 1718 ro
302 1644 463 1740 amicitiae
501 1663 653 1733 tantum,
689 1637 729 1714 ite
752 1636 1103 1714 virtuti'sestanimi.
1146 1639 1220 1711 Im„

248 1792 309 1840 mo
353 1789 440 1838 vero
480 1766 588 1849 homo
620 1761 854 1851 levillumus,·
877 1757 1025 1857 supplex
1051 1757 1226 1849 inimicis‚·

239 1885 362 1961 amicis
384 1881 664 1973 contumeliosus,
698 1882 807 1954 modo
835 1882 975 1970 harum,
1003 1875 1114 1952 modo
1146 1879 1221 1953 illa-

182 2055 184 2070 ·
240 2033 321 2081 rum
351 2005 516 2102 partium,
544 2005 634 2078 fidus
663 2001 808 2093 nemini,
824 2007 827 2012 ’
842 2001 1044 2076 leviss'umus
1069 1998 1219 2091 senator,

241 2124 474 2216 mercenarius
501 2145 679 2221 patronus,
708 2122 805 2222 cujus
829 2123 925 2196 nulla
940 2147 1017 2219 pars
1033 2122 1222 2219 corporisa

242 2245 459 2342 turpitudine
482 2265 608 2319 vacat:
642 2245 762 2342 lingua
790 2271 895 2334 vana,
916 2269 1045 2322 ,manus
1074 2240 1221 2340 rapacis-

241 2364 363 2454 sumae,
416 2367 499 2464 gula
538 2355 720 2456 inimensa,
782 2366 887 2464 pedes
928 2364 1096 2464 fitgac'es3
1141 2390 1220 2462 quae

240 2485 385 2560 honeste
430 2485 599 2562 nominari
640 2497 712 2566 non
762 2487 915 2583 poffunt,
968 2483 1219 2559 «inhonestiffu-

227 2633 311 2682 ·ma.
378 2611 499 2706 Atque
523 2607 564 2697 is,
591 2633 675 2681 cum
697 2605 865 2706 ejusmodi
890 2610 942 2697 fit,
969 2625 1086 2680 tamen
1114 2607 1221 2680 nudet

238 2730 375 2828 dicere:
405 2731 435 2800 Ο
448 2731 647 2824 fortunatam
661 2743 766 2801 natam
781 2753 828 2802 me
843 2727 957 2821 consule
974 2729 1131 2798 Romam!
1165 2729 1220 2816 Te

240 2848 380 2924 consule
406 2848 634 2940 fortunatam,
661 2849 815 2925 Cicero?
842 2849 955 2922 immo
987 2873 1071 2921 vero
1108 2847 1221 2921 infeli,

241 2995 334 3060 cern,
362 2969 584 3063 &miseram,
604 2998 682 3069 quae
701 2971 981 3064 crudeliffumam
1000 2955 1221 3067 proscriptio

241 3115 323 3164 nem
341 3090 474 3163 civium
492 3094 645 3190 perpella
656 3091 727 3178 est3
719 3118 828 3166 ·cum
847 3112 899 3183 tu,
927 3092 1128 3188 perturbata
1146 3115 1219 3188 rep.

240 3231 339 3288 metu
356 3209 527 3308 perculsos
540 3237 662 3290 omnes
681 3215 793 3288 bonos
808 3237 924 3311 parere
941 3210 1136 3284 crudelitati
1152 3229 1221 3284 tuae

240 3334 415 3432 cogebas3
448 3357 532 3404 cum
567 3333 686 3408 omnia
713 3331 860 3430 judicia,
900 3359 1023 3406 omnes
1047 3331 1194 3430 leges,
1185 3357 1221 3403 tn

239 3476 300 3530 tua
317 3450 477 3528 lubidine
493 3473 603 3543 erant,
630 3480 713 3526 curn
734 3474 785 3544 tn,
813 3453 945 3529 sublata
974 3455 1052 3553 lege
1080 3451 1220 3542 Porcia,

184 3664 188 3674 ι
239 3597 358 3675 erepta
387 3575 558 3666 libertate,
585 3574 745 3648 omnium
774 3575 927 3678 nostrum
956 3574 1037 3648 vitae
1063 3573 1223 3670 necisque

242 3697 444 3794 potestatem
472 3697 517 3769 ad
544 3715 591 3768 tc
597 3722 708 3768 unum
725 3721 960 3770 revocaveras.
1012 3697 1134 3792 Atque
1163 3719 1220 3791 pa·

238 3842 318 3914 un
337 3817 397 3909 est,
427 3816 547 3916 quod
534 3843 682 3915 tmpune
698 3814 828 3891 fecisti:
856 3842 981 3892 verum
998 3816 1104 3890 etiem
1123 3839 1218 3890 com
