2662 4686
318 357 766 453 ‹«Jueurrsn
1041 381 1107 461 my

116 529 335 604 “omnium
369 530 546 622 existimn,
575 527 635 604 sed
667 529 906 626 fortissumum
933 557 1110 632 quemque

121 658 150 694 “
171 653 495 750 generosrffumum.
556 657 613 727 Ac
638 649 696 726 fi
681 679 759 753 Jam
788 678 833 726 ex
855 652 1010 752 patribus
1043 655 1108 730 Al-

11 825 12 876 3
120 779 150 814 “
169 771 258 863 bini,
281 791 339 846 aut
368 772 488 846 Bestiae
506 799 617 871 quaerr
608 773 758 872 posset,
773 800 890 863 mene,
908 799 953 846 an
969 773 1047 848 illos
1065 801 1109 850 ex

122 901 149 936 ‘⁶
168 890 203 966 se
226 871 340 1012 gigni
366 893 580 981 maluerint3
608 894 694 993 quid
719 893 936 993 responsuros
958 891 1107 987 creditis,

121 1021 148 1058 “
168 989 246 1105 nisi,
271 995 343 1088 sese
351 1014 477 1089 llberos
496 1042 604 1114 quam
617 1027 783 1114 optumos
796 1015 972 1090 voluiffe?
998 1015 1109 1114 Qod

120 1142 150 1178 “
168 1132 224 1208 fi
208 1160 290 1233 Jure
314 1160 372 1208 me
395 1134 602 1233 despiciunt,
629 1137 762 1211 faciunt
790 1136 887 1212 idem
919 1134 1109 1234 majoribus

119 1263 148 1300 “
167 1255 250 1348 suis,
275 1255 415 1354 quibus,
439 1257 491 1330 uti
509 1257 611 1349 mihi,
636 1285 681 1331 ex
707 1258 835 1331 virtute
856 1257 1017 1332 nobilitas
1036 1283 1109 1332 coe'·

121 1386 149 1457 f}
168 1377 230 1476 pit.
281 1378 446 1452 Invident
471 1379 597 1452 honori
621 1395 702 1453 meo
714 1409 725 1466 ;
750 1405 835 1478 ergo
860 1378 1038 1452 invideant
1073 1384 1107 1454 ὅτ

122 1507 149 1542 “
169 1497 295 1590 labori,
323 1499 547 1591 innocentia,
573 1501 734 1598 periculis
757 1501 862 1574 etiam
886 1499 986 1590 meis,
1018 1525 1106 1598 quo·

11 1701 12 1722 J
123 1626 153 1662 “
168 1620 265 1694 niam
296 1646 358 1719 per
397 1621 472 1694 haec
510 1621 613 1694 illum
635 1621 726 1719 cepi.
789 1623 922 1694 Verum
947 1621 1107 1702 homines
1149 1677 1153 1684 .
1319 1697 1320 1716 J

11 1807 12 1824 r
123 1747 150 1784 “
167 1741 321 1840 corrupti
338 1740 497 1839 superbia
510 1743 558 1815 ita
570 1763 708 1817 aetatem
720 1761 845 1842 agunt,
865 1745 959 1839 quasi
977 1742 1108 1816 vestros
1211 1827 1216 1838 ι

11 1893 13 1928 2
123 1865 318 1936 “honores
337 1883 589 1952 contemnant3
616 1865 664 1936 ita
685 1867 749 1938 hos
767 1882 904 1960 petunt,
924 1865 1017 1961 quafi
1042 1863 1107 1939 ho-

11 1953 13 2036 ?
124 1991 151 2028 “
165 1987 263 2070 ¹ueste
280 1985 444 2061 vixerint.
494 1987 554 2059 Ne
575 1986 625 2058 illi
644 1985 716 2059 falfi
735 1982 827 2074 sunt,
850 1983 912 2083 qui
925 1977 1108 2056 divorfiffi·

121 2114 149 2152 “
169 2133 246 2184 mas
264 2133 314 2180 res
331 2106 459 2204 pariter
470 2105 683 2205 exspedtant,
701 2105 851 2206 ignaviae
868 2105 1105 2201 voluptatem,

11 2251 12 2254 ’
124 2233 153 2270 “
172 2231 206 2300 δι
219 2228 359 2326 praemia
376 2227 523 2304 virtutis.
560 2232 681 2326 Atque
697 2229 801 2301 etiam
819 2253 902 2330 cum
919 2225 1014 2322 apud
1027 2251 1107 2315 vos,
1132 2275 1140 2284 -

10 2401 11 2418 r
124 2355 229 2423 “aut
255 2349 292 2424 in
317 2349 435 2425 senatu
459 2353 567 2424 verba
589 2349 733 2440 faciunt,
760 2350 928 2448 pleraque
951 2346 1108 2424 oratione

10 2519 11 2522 =
122 2469 314 2570 “majores
331 2471 415 2546 ‘suos
438 2473 636 2558 extollunt;
661 2495 784 2544 eorum
806 2469 907 2543 furtia
924 2468 1015 2543 satta
1032 2495 1107 2544 me·
1135 2481 1139 2486 “
1161 2509 1166 2520 x

121 2594 340 2666 “morando
368 2592 527 2666 clariores
566 2590 633 2665 sese
662 2610 785 2690 putant
799 2619 814 2663 ι’
841 2591 943 2696 ἱ(Ῑυοά
975 2610 1106 2664 contra.

17 2701 20 2716 ¹
121 2715 266 2788 “Nam
291 2705 463 2813 ¹quantum
495 2713 570 2786 vita
589 2711 733 2785 illorum
758 2709 969 2808 praeclarior,
1007 2729 1108 2784 tanto

122 2841 148 2879 “
166 2839 299 2910 horum
311 2835 463 2910 secordia
488 2832 698 2934 flagitiosior.
750 2833 798 2905 Et
821 2827 979 2928 profedto
1003 2830 1051 2906 ita
1074 2830 1108 2906 se

123 2963 149 3000 “
166 2983 221 3032 res
239 2959 346 3034 habet
360 2985 376 3029 ι·
396 2954 569 3055 majorum
597 2953 708 3054 gloria
730 2952 872 3051 posteris
897 2954 1018 3027 lumen
1043 2952 1107 3044 est,

123 3083 283 3177 “neque
320 3079 415 3151 bona
450 3100 566 3176 neque
603 3076 695 3150 mala
727 3075 764 3148 in
795 3077 939 3172 occulto
965 3074 1107 3173 patitur.

10 3233 14 3252 ¹
123 3205 150 3244 “
168 3197 327 3298 Hujusce
356 3197 403 3272 rei
425 3225 493 3298 ego
515 3197 674 3296 inopiam
696 3197 822 3296 patior,
845 3195 998 3296 Quirites
1010 3227 1021 3285 ;
1045 3222 1107 3271 ve-

10 3299 12 3320 ’
125 3325 150 3364 “
167 3347 247 3395 rum
276 3319 329 3411 id,
364 3321 464 3418 quod
490 3323 606 3425 multo
635 3319 833 3417 praeclarius
857 3319 919 3409 est,
955 3337 1107 3391 meamet

124 3447 151 3544 ‘f
169 3440 259 3515 faeta
288 3441 403 3515 dicere
419 3441 516 3515 licet.
567 3443 674 3515 Nunc
699 3439 830 3532 videte,
861 3465 970 3539 quam
994 3437 1106 3536 iniqui

126 3568 153 3604 “
172 3565 246 3636 fint.
297 3563 407 3661 Qrod
429 3587 475 3636 ex
496 3559 608 3636 aliena
629 3561 758 3635 virtute
784 3560 845 3635 fibi
867 3561 1051 3657 adrogant,
1070 3557 1108 3632 id

11 3733 12 3738 ,
117 3669 152 3732 '“
170 3684 257 3757 mihi
292 3710 337 3757 ex
369 3709 448 3758 mea
479 3709 552 3756 non
590 3684 817 3757 concedunt:¹
847 3678 988 3770 scilicet,
1025 3680 1108 3778 quia

12 3836 14 3858 1
124 3805 344 3906 “imagines
365 3832 439 3881 non
459 3807 587 3895 habeo,
612 3809 644 3878 δι
670 3804 754 3902 quia
777 3801 864 3879 mihi
891 3827 983 3876 nova
1005 3801 1106 3876 nobi-

589 3927 667 4000 La
