2664 4692
226 316 290 390 188
472 309 809 396 'Stapusrrr
843 307 1025 383 Hirr..

221 482 486 580 corruptiffimi;
528 487 712 582 flagrantes
741 481 858 580 inopia
891 485 926 554 ὅτ
955 477 1195 578 cupidinibus,

221 601 389 676 scelerum
414 601 620 678 conscientia
646 603 835 710 caragitati3
871 603 997 700 quibus
1034 599 1131 698 quies
1159 599 1196 672 in

221 722 459 813 seditionibus,
493 723 529 795 in
558 749 642 821 pace
668 726 779 797 turbae
808 723 909 796 sunt:
940 721 977 794 hi
1005 722 1197 828 tumultum

221 869 266 917 ex
295 845 461 933 tumultu,
496 845 630 918 bellum
656 869 701 918 cx
727 846 823 918 -bello
851 841 987 928 scrunt;
1022 839 1196 914 Saturnini

221 964 321 1054 olim,
364 963 439 1062 post
476 965 632 1061 Sulpicii,
671 965 753 1038 dein
776 962 883 1038 Marii
909 962 1194 1060 Damasippique,

221 1111 316 1158 nunc
332 1083 463 1181 Lepidi
489 1083 659 1160 satellites.
709 1087 879 1158 Praeterea
909 1082 1060 1171 Etruria,
1091 1101 1197 1180 atque

222 1229 345 1278 omncs
361 1203 513 1302 reliquia
531 1205 614 1278 belli
631 1207 791 1280 arrectae:
817 1203 997 1302 Hispaniae
1010 1203 1113 1276 armis
1130 1201 1195 1276 sol-

221 1323 347 1398 licitae:
371 1324 591 1400 Mithridates
618 1325 654 1400 in
680 1328 783 1400 latere
811 1325 1034 1422 vecligalium
1063 1323 1195 1396 nostro-

221 1470 315 1533 rum,
347 1443 475 1543 quibus
497 1447 612 1524 adhuc
628 1443 868 1536 sustentamur,
896 1446 990 1520 diem
1014 1446 1107 1518 bello
1131 1444 1195 1518 cir-

222 1563 428 1664 cumspicit:
466 1567 564 1664 quin,
597 1587 722 1665 praeter
748 1567 915 1642 idoneum
942 1567 1083 1655 ducem,
1109 1565 1196 1638 nihil

222 1688 317 1762 abest
332 1689 376 1762 ad
392 1685 669 1765 subvertundum
685 1687 882 1784 imperium.
914 1687 1022 1785 Quod
1040 1711 1108 1783 ego
1132 1711 1197 1758 vos

221 1835 283 1882 oro
313 1828 416 1906 atquc
442 1807 584 1881 obsecro
612 1811 652 1881 P.
669 1810 710 1881 C.
728 1828 767 1882 ut
783 1806 1093 1890 animadvortatis;
1127 1831 1196 1880 neu

138 1909 142 1920 ⁵
223 1929 403 2028 patiamini
428 1929 605 2002 licentiam
637 1928 816 2020 scelerum,
846 1933 939 2027 quast
974 1927 1117 2017 rabiem,
1150 1928 1197 2001 ad

221 2049 375 2146 integros
403 2053 565 2122 contactu
591 2053 786 2147 procedere.
848 2053 958 2140 Nam,
992 2049 1053 2123 ubi
1086 2051 1197 2123 malos

132 2187 133 2190 ’
222 2169 365 2267 ptaemia
385 2167 586 2267 sequuntur,
616 2171 709 2243 haud
726 2169 826 2244 facile
849 2170 1029 2270 quisquam
1048 2171 1197 2270 gratuito

222 2293 336 2364 bonus
363 2290 421 2362 est.
472 2295 532 2363 An
560 2288 760 2388 exspedlatis
784 2295 886 2382 dum,
912 2292 1065 2366 exercitu
1084 2277 1206 2366 rursus¹

222 2411 382 2502 admoto,
399 2409 488 2484 ferro
504 2431 609 2510 atque
627 2415 770 2485 flamma
780 2415 906 2486 urbem
923 2413 1083 2487 invadit?
1100 2415 1197 2511 quod

222 2533 336 2606 multo
358 2532 499 2631 propius
516 2533 565 2606 cst
582 2536 627 2608 ab
643 2560 700 2624 eo,
724 2560 796 2632 quo
820 2533 940 2633 agitat,
962 2534 1065 2625 statu,
1089 2562 1198 2634 quam

119 2688 123 2704 t
222 2679 267 2728 ex
285 2679 370 2752 pace
398 2657 431 2726 ὅτ
458 2654 642 2728 concordia
667 2656 714 2728 ad
738 2681 833 2728 arma
861 2655 998 2729 civilia:
1034 2681 1113 2754 quae
1138 2656 1196 2730 ille

220 2774 406 2848 advorsum
422 2773 542 2849 divina
559 2781 592 2848 ὅτ
608 2777 761 2848 humana
776 2775 893 2848 omnia
909 2776 1016 2876 cepit,
1042 2802 1114 2849 non
1132 2803 1199 2874 pro
1315 2813 1316 2832 κ

221 2894 293 2985 sua,
316 2915 376 2967 aut
405 2898 558 2992 quorum
591 2898 725 2968 fimulat
757 2895 892 2995 injuria,
921 2895 980 2970 sed
1003 2899 1124 2996 legum
1153 2923 1195 2972 ac

220 3014 387 3087 libertatis
410 3013 663 3090 subvertundae.
725 3018 878 3116 Angitur
907 3019 1015 3108 enim,
1041 3045 1082 3092 ac
1104 3021 1195 3092 lacc-

220 3155 314 3208 ratur
345 3129 453 3206 animi
480 3137 643 3232 cupidine
675 3141 910 3211 &portarum
935 3159 1046 3229 metu,
1068 3163 1196 3237 expers

220 3254 364 3345 consilii,
389 3254 547 3352 inquies;
573 3259 648 3330 haec
675 3277 780 3356 atque
805 3259 864 3332 illa
891 3277 1038 3350 tentans,
1069 3260 1195 3333 metuit

219 3375 346 3466 otium,
370 3374 444 3449 odit
461 3378 607 3468 bellum,
626 3379 713 3452 luxu
730 3399 835 3477 atquc
848 3379 986 3453 licentia
1002 3382 1193 3454 carendum

220 3498 330 3588 videt,
354 3517 459 3596 atque
476 3497 613 3571 interim
630 3499 784 3574 abutitur
801 3501 911 3574 vestra
927 3497 1091 3577 socordia.
1118 3503 1193 3574 Ne-

219 3643 288 3715 que
310 3617 408 3692 mihi.
423 3618 497 3692 satis
527 3619 668 3708 consrlii,
691 3641 838 3711 metum,
862 3647 906 3694 an
924 3613 1117 3721 ignaviam,
1148 3649 1194 3694 an

185 3721 189 3727 ¹
218 3739 430 3814 dementiam
459 3767 537 3815 eam
554 3742 753 3840 adpellem:
784 3741 845 3841 qui
869 3739 1036 3818 videmini
1061 3743 1193 3818 intenta
