2662 4686
371 324 717 441 Jvovnrnnt
1016 333 1082 438 ιη

90 508 257 584 militaria
291 503 480 600 obscurati)
511 507 608 599 dein,
648 507 747 582 brevi
769 507 918 607 cognitis
940 505 1082 603 insidiis,

91 627 284 728 paullisper
303 645 433 726 agmen
451 624 615 702 constitit.
666 626 721 703 Ibi
743 629 966 704 commutatis
991 633 1082 705 ordi-

91 750 211 841 nibus,
240 749 280 821 in
305 751 452 823 dextero
469 751 587 840 latere,
615 752 711 848 quod
737 775 954 850 proxumum
978 753 1083 826 hostis

93 893 180 963 erat,
218 870 413 968 triplicibus
447 869 601 947 subsidiis
628 873 741 946 aciem
759 873 954 960 instruxit:
994 873 1083 947 inter

94 993 298 1091 manipulos
315 991 509 1065 funditores
529 998 562 1066 δι
575 993 762 1092 sagittarios
774 993 953 1092 dispertit:
981 995 1080 1093 equis

91 1135 208 1190 tatum
233 1137 381 1188 omnem
404 1113 441 1186 in
464 1115 628 1190 cornibus
642 1118 771 1216 locat:
809 1141 849 1190 ac
864 1098 866 1102 ¹
881 1141 993 1214 pauca
1016 1143 1081 1214 pro

92 1256 257 1336 tempore
279 1235 406 1309 milites
432 1237 603 1327 hortatus,
639 1236 765 1330 aciem,
805 1237 900 1310 sicuti
929 1238 1080 1311 instrux·
1155 1233 1157 1241 ¹

91 1379 179 1450 erat,
205 1346 402 1432 transvorsis
421 1357 612 1456 principiis,
641 1359 678 1431 in
707 1361 853 1457 planum
875 1359 1030 1432 deducit.
1064 1438 1066 1450 Ι

144 1483 192 1553 L.
217 1481 293 1554 Snu
322 1473 386 1551 ubi
410 1479 585 1552 Numidas
604 1480 752 1578 quietos,
779 1507 894 1580 neque
911 1483 1000 1553 colle
1016 1483 1079 1556 de-

96 1601 197 1702 gredi
223 1599 488 1690 animadvortit,
516 1601 646 1673 veritus
675 1626 719 1673 ex
747 1601 830 1674 anni
857 1621 1017 1702 tempore
1046 1610 1081 1680 δε

93 1723 217 1821 inopia
233 1750 348 1821 aquae,
375 1747 420 1794 ne
442 1722 494 1794 siti
510 1724 741 1795 conficeretur
758 1723 944 1812 exercituS,
972 1726 1079 1799 Ruti-

94 1845 188 1917 lium
214 1845 368 1943 legatum
391 1867 475 1918 cum
498 1843 671 1942 expeditis
688 1829 888 1918 cohortibus
917 1851 951 1920 bt
983 1867 1083 1943 parte

95 1966 257 2064 equitum
275 1965 434 2063 praemifit
450 1967 495 2038 ad
513 1969 661 2055 flumen,
680 1965 730 2039 uti
747 1953 867 2038 locum
885 1967 1000 2039 castris
1018 1995 1080 2042 an·

93 2105 298 2184 tecaperet:
324 2088 549 2179 existumans,
592 2087 700 2160 hostis
734 2090 853 2181 crebro
863 2079 1017 2187 “impetu
1044 2095 1079 2164 δε

93 2195 293 2283 transvorfis
309 2210 436 2307 praeliis
462 2210 526 2282 iter
553 2208 653 2284 suum
669 2219 912 2303 remoraturos,
931 2215 977 2310 &s
990 2238 1079 2310 quo-

94 2329 193 2403 niam
210 2329 313 2404 armis
334 2329 546 2421 diffiderent,
573 2331 804 2405 laffitudinem
830 2337 879 2406 &·
894 2329 984 2406 fitim
1012 2333 1080 2406 mi-

94 2451 195 2526 litum
221 2469 423 2542 tentaturos.
485 2451 580 2526 Dein
601 2452 673 2550 ipse
697 2479 762 2551 pro
788 2479 824 2526 re
852 2473 958 2552 atque
982 2455 1078 2546 loco,

94 2573 192 2647 sicuti
228 2592 348 2648 monte
377 2572 611 2666 descenderat,
649 2574 830 2672 paullatim
859 2577 1078 2672 procedere:

94 2677 252 2769 Marium
269 2695 346 2793 post
363 2689 530 2793 principia
547 2697 696 2769 habere:
724 2693 796 2791 ipse
828 2721 910 2767 curn
940 2695 1080 2768 finistrae

95 2805 159 2888 alae¹
175 2816 352 2916 equitibus
369 2819 450 2911 else,
483 2816 544 2914 qui
572 2816 609 2888 in
635 2814 777 2914 agmine
799 2813 974 2912 principes
997 2813 1080 2888 fasti

95 2956 200 3011 erant.
252 2943 304 3011 At
319 2939 509 3036 Jugurtha,
534 2936 597 3010 ubi
622 2957 824 3010 extremum
847 2961 977 3034 agmen
994 2939 1079 3011 Me-

11 3151 15 3170 ,
95 3059 165 3130 telli
199 3049 330 3157 primos
360 3061 436 3133 suos
454 3061 748 3157 ptaetergreffum
771 3059 883 3150 videt,
919 3059 1079 3156 praefidio

97 3184 188 3276 quafi
218 3181 333 3254 duum
358 3179 510 3256 millium
539 3180 698 3278 peditum
724 3200 884 3254 montem
911 3201 1077 3278 occupat,

96 3324 162 3396 qua
183 3303 357 3374 Metellus
390 3300 643 3375 descenderat:
679 3328 723 3375 ne
738 3301 839 3375 ‘forte
873 3301 1078 3375 cedentibus

96 3418 297 3494 advorsariis
326 3422 495 3520 receptui,
534 3449 575 3496 ac
592 3521 593 3524 Ἴ
608 3425 684 3522 post
723 3423 945 3525 munimento
978 3420 1079 3493 soret.
1137 3430 1140 3439 '

95 3539 200 3633 Dein,
218 3562 363 3640 repente
380 3547 478 3643 figno
495 3545 593 3634 dat0,
626 3543 733 3616 hostis
749 3541 896 3616 invadit.
945 3540 1078 3615 Numi·

11 3649 13 3658 ¹
95 3661 148 3734 dae
165 3663 223 3736 alii
241 3665 436 3762 postremos
454 3665 611 3767 caedere:
638 3691 716 3762 pars
744 3689 765 3736 a
788 3663 918 3737 finistra
933 3686 973 3734 ac
989 3661 1078 3735 dex-

96 3795 164 3857 tera
179 3803 338 3874 tentare;
364 3783 483 3862 insenfi
496 3786 610 3862 adesse
625 3806 733 3884 atque
748 3785 871 3862 instare
886 3811 896 3858 :
915 3782 1078 3858 ornnibus

582 3907 600 3978 I
