2668 4698
258 403 328 498 316
425 401 564 472 Ponctt
592 399 802 472 Lnrttortrs
829 399 1107 471 Decrnmnrto

257 571 362 670 Reip.
397 572 604 670 propulsare.
662 573 805 647 Tenetis
839 575 1004 670 exempla
1040 569 1226 668 majomm,

256 711 362 790 atque
385 693 543 766 omnium
568 694 725 790 gentium
753 695 987 783 autoritatem,
1002 695 1078 790 ‘qui
1096 695 1229 788 semper

255 811 408 886 summas
421 818 454 885 tc
468 815 651 912 singulares
662 841 783 910 poenas
799 814 833 886 in
846 841 889 888 eo
902 837 1029 911 genere
1044 811 1229 883 hominmn

255 932 508 1006 consumendas
522 935 589 1007 effe
606 955 828 1032 putaverunt,
854 935 915 1033 qui
933 934 1106 1006 rationem
1118 933 1227 1004 habu-

255 1053 355 1128 iffent
367 1074 426 1127 ant
444 1055 632 1151 prodendae
651 1055 783 1152 pntriae,
808 1075 867 1127 aut
878 1054 1120 1150 opprimendae
1137 1053 1229 1148 pub-

257 1175 333 1248 licae
367 1175 542 1248 libertatis.
591 1176 693 1248 Nihil
726 1175 834 1274 igitur
864 1175 928 1248 erit
960 1173 1227 1270 impedimento,

257 1297 342 1394 quin
366 1295 546 1368 audaciam
573 1294 792 1369 crudelillrmi
810 1294 961 1368 hominis
974 1294 1132 1366 Catilinae
1148 1319 1231 1366 cru-

255 1415 424 1488 deliffimo
448 1441 576 1514 genere
591 1414 841 1512 suppliciorum
869 1413 1039 1511 expietis:
1068 1420 1103 1487 sc
1123 1413 1230 1486 ultio-

257 1561 340 1608 nem
370 1560 416 1608 ex
452 1535 591 1608 illomm
627 1534 838 1608 cruciatibus
880 1559 922 1607 ac
966 1533 1079 1631 poenis
1120 1534 1232 1631 capiat

258 1655 416 1753 Respub.
442 1681 594 1754 quorum
612 1677 685 1729 erat
700 1659 955 1754 conflagratum
972 1653 1146 1743 manibus,
1172 1655 1232 1727 nist
1257 1738 1263 1750 Ι

257 1773 449 1848 sandiffimi
482 1776 617 1873 imperii
644 1777 798 1850 Romani
825 1776 985 1848 custodes
1010 1799 1051 1848 ac
1076 1773 1234 1848 vindices

259 1896 321 1970 Dii
339 1897 551 1969 immortales
569 1893 704 1970 nefariis
721 1895 811 1968 votis
826 1877 1050 1969 obstitiffent.

307 2019 480 2090 XXXVI.
505 2017 659 2106 Credite,
685 2015 841 2111 Judices,
870 2015 1039 2087 hodierno
1061 2015 1119 2088 die
1148 2042 1235 2088 con·

257 2135 436 2209 surrexisse
451 2135 646 2210 universam
659 2135 786 2210 urbem
802 2135 1065 2232 conspec'tutam
1079 2162 1124 2208 ex
1134 2135 1233 2234 judi-

257 2261 316 2329 cio
352 2257 463 2330 vestro
497 2258 668 2353 planeque
700 2254 1031 2346 animadversuram,
1070 2256 1158 2354 quid
1197 2257 1235 2329 in

258 2373 437 2473 posterum
449 2377 494 2448 de
503 2374 609 2448 salute
624 2375 694 2466 sua,
708 2377 824 2473 deque
837 2373 1060 2449 facultatibus
1074 2369 1142 2448 suis
1157 2375 1237 2473 spe-

259 2497 411 2568 randum
429 2498 480 2568 fit.
496 2495 637 2569 Credite
652 2495 738 2569 item
754 2495 828 2568 vim
845 2495 1039 2569 universam
1055 2495 1240 2594 flagitiosae
1328 2509 1329 2514 ’

159 2667 162 2676 ,
252 2614 461 2715 juventutis,
491 2636 551 2689 aut
575 2617 744 2690 hodierno
760 2617 919 2690 Catilinae
942 2615 1114 2714 supplicio
1135 2617 1239 2688 limul

257 2737 513 2812 conficiendam
544 2733 631 2827 fore,
670 2758 728 2810 aut
758 2737 851 2810 illius
883 2737 1086 2810 liberatione
1119 2738 1237 2808 laetam

257 2877 364 2953 atque
391 2859 621 2948 exultantem,
663 2883 734 2929 non
762 2859 875 2931 multo
905 2857 981 2956 post
1006 2856 1043 2928 in
1071 2856 1235 2930 omnium

257 2975 412 3049 nostrum
432 2977 620 3073 perniciem
649 2997 824 3052 unacum
853 2980 914 3074 illo
940 2977 1120 3052 celerrime
1148 3003 1235 3050 con-

256 3094 494 3168 surteeluram.
544 3098 677 3195 Agitur
713 3099 882 3198 siquidem
921 3099 1092 3172 hodierna
1123 3098 1238 3170 vestra

223 3295 228 3320 Β
256 3213 422 3286 sententia
443 3214 488 3286 de
512 3214 619 3290 salute
636 3217 737 3316 hujus
755 3219 1013 3317 pulcherrimae,
1043 3237 1150 3315 atque
1166 3243 1234 3314 op-

256 3334 351 3407 timae
374 3332 532 3424 civitatis,
558 3327 606 3409 de
627 3339 810 3413 stabilitate
833 3340 969 3437 imperii
987 3337 1158 3427 Romani,
1188 3338 1234 3409 de
1330 3417 1331 3428 ἵ

257 3456 377 3552 legum
400 3454 651 3546 incolumitate,
677 3460 721 3531 de
748 3460 907 3534 libertate
933 3459 1079 3550 civium,
1108 3460 1154 3531 de
1171 3483 1236 3554 pu-

239 3574 374 3647 dicitia
402 3575 591 3649 liberorum
615 3605 654 3650 ac
677 3577 869 3679 conjugum
888 3580 1088 3654 vestrarum.
1149 3581 1234 3652 Hu-

252 3692 312 3789 jus
328 3695 424 3768 enim
438 3697 541 3794 pestis
558 3697 652 3782 idem
673 3697 780 3772 scelus
802 3721 889 3790 erat,
923 3721 1050 3774 utnon
1068 3700 1235 3798 grallatu-

257 3838 335 3886 rum
348 3841 408 3911 per
421 3817 533 3915 capita
549 3845 758 3919 paucorum,
777 3821 836 3895 led
847 3841 1016 3919 tanquam
1025 3820 1237 3929 atrociffima
1330 3889 1331 3922 ἒ
