2672 4682
388 303 737 434 Jronnrnn.
803 405 805 412 ,
1051 345 1097 444 67

91 543 277 594 maxumo
294 514 417 590 terrori
433 515 528 588 esset.
579 518 636 588 A‘c
663 512 755 616 sane,
788 513 888 612 quod
921 513 1097 592 difficillu-

95 668 203 716 mum
233 639 273 712 in
298 635 420 736 primis
444 636 507 726 est,
546 640 580 710 dc
608 636 730 733 praelio
757 635 916 710 strenuus
947 659 1031 728 erat,
1064 643 1098 713 δι

95 766 216 836 bonus
248 758 419 834 consilio:
448 783 601 858 quorum
626 760 773 837 alterum
802 783 848 831 ex
876 757 1100 857 providentia

99 884 288 973 timorem,
316 882 468 954 alterum
484 905 529 954 ex
547 880 692 954 audacia
713 879 949 954 temeritatem
967 878 1100 954 adferre

98 1007 317 1104 plerumque
346 1000 444 1076 solet.
495 1002 606 1101 Igitur
619 1001 807 1100 imperator
824 1003 939 1076 omnis
956 985 1028 1075 sere
1046 1024 1100 1074 res

98 1125 239 1226 asperas
270 1143 332 1224 per
361 1115 580 1224 Jugurth'am
606 1151 721 1224 agere,
746 1125 782 1198 in
808 1123 928 1199 amicis
958 1125 1099 1213 habere,

100 1249 221 1348 magis
251 1245 436 1346 magisque
466 1246 502 1320 in
529 1246 604 1320 dies
627 1245 817 1344 amplecti:
845 1246 979 1344 quippe
1003 1241 1101 1341 cujus

100 1393 224 1468 neque
257 1368 457 1458 confilium,
489 1390 604 1468 neque
631 1367 811 1466 inceptum
836 1363 950 1442 ullum
979 1365 1101 1440 frustra

102 1509 195 1564 erat.
245 1491 334 1562 Huc
362 1489 555 1562 accedebat
584 1489 827 1564 munificentia
844 1488 954 1563 animi
983 1493 1016 1560 ὅτ
1047 1487 1100 1560 in·

103 1609 202 1710 genii
218 1608 397 1700 sollertia,.
414 1609 697 1708 quisrebussrbi
715 1613 846 1684 multos
863 1637 907 1684 ex
927 1609 1101 1685 Romanis

104 1732 270 1807 familiari
294 1730 450 1806 amicitia
474 1729 716 1830 conjunxerat.

158 1857 259 1929 VIII.
302 1857 363 1927 En
376 1838 594 1950 tempestate
621 1853 658 1926 in
686 1851 841 1928 exercitu
865 1847 984 1926 nostro
1008 1851 1103 1924 fuere

105 1978 311 2074 complures
327 1975 410 2048 novi
428 1995 532 2073 atque
545 1973 695 2065 nobiles,
716 1973 844 2072 quibus
856 1965 987 2047 divitia
1006 1974 1103 2046 bono

106 2097 330 2193 honestoque
346 2096 492 2194 potiores
509 2115 619 2188 erant,
638 2093 783 2186 faniau,
801 2095 901 2170 domi
926 2113 1102 2194 potentes,

108 2218 213 2316 apud
228 2210 338 2290 socios
354 2219 436 2292 clari
465 2207 594 2318 magis,
624 2245 733 2317 quam
757 2217 918 2292 honesti:
952 2216 1014 2316 qui
1037 2219 1101 2312 Ju-

110 2339 251 2438 gurthae
268 2365 341 2412 non
366 2339 583 2420 mediocrem
607 2339 767 2414 animum
792 2339 1021 2440 pollicitando
1044 2365 1102 2413 ac-

110 2465 325 2553 cendebant,
350 2488 384 2536 s1
416 2485 584 2536 Mrcrrsn
610 2473 688 2536 na‘x
706 2487 956 2554 ocermssrr,
984 2484 1102 2554 tona,

112 2608 184 2657 ort
205 2610 325 2658 sonus
344 2609 509 2658 IMPERII
535 2595 736 2658 nuntrmAE'
769 2609 1026 2658 normaton:
1057 2607 1103 2657 ιη
1144 2675 1148 2694 Ι

112 2729 199 2778 rrso
221 2698 688 2796 unxnunu'vrnrorunq
716 2727 841 2778 ROMAE
867 2728 1004 2778 ouum
1034 2726 1104 2778 vn·

115 2847 247 2900 nnnrn
269 2853 371 2901 ussa.
422 2829 491 2901 Sed
516 2825 717 2926 postquam,
752 2825 947 2899 Numantia
975 2825 1103 2916 deleta,

113 2945 150 3021 P.
180 2947 300 3047 Scipio
327 2947 504 3023 dimittere
523 2949 666 3039 auxilia,
698 2946 770 3046 ipse
793 2947 921 3021 revorti
954 2947 1105 3022 domum

113 3070 288 3144 decrevit:
318 3069 491 3144 donatum
508 3091 615 3170 atque
632 3073 815 3145 laudatum
832 3071 1023 3170 magnifice
1041 3097 1123 3168 pro

113 3192 286 3266 concione
303 3193 517 3292 Jugurtham
541 3193 584 3266 ‘in
611 3193 809 3292 praetorium
828 3193 1007 3268 abduxit:
1038 3193 1105 3266 ibi-

114 3337 180 3410 que
203 3310 338 3388 secreto
358 3314 510 3407 monuit,
538 3321 567 3358 ‘⁶
581 3316 631 3389 uti
660 3315 779 3414 potius
809 3315 964 3414 publice,
997 3340 1105 3411 quam

117 3440 143 3476 “
162 3433 331 3534 privatim
348 3433 537 3508 amicitiam
550 3438 673 3535 populi
691 3442 739 3510 R.
758 3439 909 3524 coleret3
933 3463 1003 3510 neu
1028 3435 1105 3532 qui-

118 3559 144 3596 “
158 3558 229 3660 bus
247 3555 369 3655 largiri
384 3553 608 3631 insuesceret:
641 3557 833 3656 periculose
850 3585 870 3630 a
885 3556 1003 3655 paucis
1021 3557 1106 3649 emi,

118 3680 147 3716 “
165 3678 265 3775 quod
283 3679 481 3753 multorum
498 3683 591 3754 effet.
653 3681 688 3753 Si
715 3703 918 3778 permanere
942 3678 1046 3752 vellet
1068 3678 1106 3751 in

118 3797 231 3874 “suis
255 3799 401 3893 artibus·,
435 3803 528 3901 ultro
555 3801 608 3874 illi
635 3807 669 3875 &
699 3801 862 3900 gloriam,
894 3803 929 3876 ἃ
956 3825 1106 3899 regnum

554 3923 585 3996 F
618 3947 638 3992 2
