2672 4682
213 289 262 382 46
409 283 451 357 C.
485 283 675 356 Cnrsrr
711 279 1003 354 Sarnusrn

216 469 246 506 “
263 487 378 551 mum,
409 479 470 536 aut
493 459 626 548 villam,
654 455 827 554 postremo
857 473 917 530 aut
934 481 1009 545 vas,
1048 473 1110 528 aut
1136 479 1201 529 nea

216 590 244 627 “
261 581 463 656 stimentum
475 577 615 675 alicujus
629 576 889 674 concupiverat,
912 577 1019 650 dabat
1036 600 1198 672 operam,

217 711 246 748 “
264 703 316 778 uti
334 703 368 776 in
386 699 655 800 proscriptorum
672 724 821 772 numero
847 700 941 772 esset.
991 699 1045 770 lta
1071 696 1202 793 quibus

219 834 247 870 “
267 820 469 919 Damasippi
487 845 579 894 mors
594 819 724 894 laetitiae
748 817 871 908 fuerat,
898 817 974 916 post
1000 818 1119 916 paullo
1141 817 1206 916 ips:

219 955 246 992 ‘⁸
267 947 515 1020 trahebantur:
542 966 657 1039 neque
690 940 784 1038 prius
807 939 885 1012 sinis
906 937 1094 1038 jugulandi
1123 937 1204 1030 suit,

219 1075 247 1114 “
267 1091 373 1166 quam
385 1063 479 1136 Sulla
490 1061 605 1144 omnis
621 1059 698 1135 suos
712 1057 842 1134 divitiis
860 1059 1027 1158 explevit.
1079 1064 1204 1158 Atque

221 1195 334 1284 “ego
355 1186 431 1256 haec
457 1183 586 1263 nonin
606 1185 663 1256 M.
686 1183 823 1274 Tullio,
845 1206 960 1279 neque
983 1179 1037 1254 his
1061 1199 1203 1278 tempo·

220 1305 360 1380 “ribus
382 1329 526 1390 vereor3
556 1305 624 1377 Sed
653 1304 697 1382 in,
711 1330 841 1403 magna
868 1302 1010 1376 civitate
1033 1304 1202 1378 multa&

219 1423 362 1498 “varia
388 1422 528 1522 ingenia
553 1422 640 1497 sunt.
695 1425 814 1498 Potest
838 1424 907 1496 alio
933 1443 1105 1520 tempore,
1132 1424 1202 1498 alio

220 1553 248 1590 “
267 1543 432 1634 Consule,
458 1543 513 1617 cui
531 1544 616 1618 item
646 1545 816 1619 exercitus
841 1545 877 1617 in
905 1571 1045 1636 manus,
1065 1543 1199 1620 salsum

220 1664 399 1761 “aliquid
419 1690 483 1761 pro
501 1691 587 1738 vero
605 1665 709 1739 credi.
761 1666 837 1740 Ubi
853 1667 921 1738 hoc
940 1668 1120 1763 exemplo,
1142 1691 1204 1763 per

224 1795 251 1831 “
269 1785 382 1860 Senati
400 1787 596 1877 decretum,
610 1783 740 1861 Consul
754 1787 911 1886 gladium
929 1787 1102 1876 eduxerit,
1123 1787 1204 1884 quia

221 1909 377 1981 “finem
400 1907 538 1997 statuet,
572 1929 631 1980 aut
653 1907 732 2005 quis
756 1908 1020 1982 moderabitur?
1047 1906 1204 2005 Majores

221 2037 248 2073 “
267 2027 385 2116 nostri,
411 2030 527 2100 Patres
552 2027 1066 2128 conscripti,'neque·eonsrlii,
1089 2054 1207 2127 neque

147 2133 150 2138 ¹
219 2157 247 2250 ‘f
265 2147 419 2223 audacia
448 2174 621 2245 umquam
645 2173 770 2246 eguere
787 2129 940 2246 :ineque
963 2149 1122 2246 superbia
1140 2153 1206 2224 ob·

222 2277 249 2313 “
268 2271 391 2360 stabat,
416 2296 488 2368 quo
508 2269 624 2343 minus
637 2270 748 2353 aliena
764 2268 929 2358 instituta,
956 2273 979 2342 fi
1001 2271 1111 2344 modo
1123 2299 1206 2368 pro·

222 2400 249 2435 “
268 2393 327 2480 ba,
344 2390 570 2466 imitarentur.
622 2397 733 2464 Arma
751 2409 856 2488 atque
878 2373 948 2462 tela
967 2389 1132 2465 militaria
1161 2397 1207 2468 ab

223 2519 252 2554 “
270 2511 498 2602 Samnitibus,
529 2510 677 2610 infignia
708 2509 978 2608 magistratuum
1006 2513 1061 2586 ab
1084 2513 1209 2588 Tuscis

221 2641 251 2728 ‘.‘
269 2636 436 2732 pleraque
474 2631 691 2708 sumserunt:
732 2632 905 2730 postremo
941 2634 1038 2730 quod
1072 2634 1208 2732 ubique

222 2764 250 2800 “
268 2758 364 2855 apud
383 2755 507 2849 socios,
522 2777 582 2830 aut
604 2754 708 2828 hostis
722 2753 889 2829 idoneum
902 2753 1100 2846 videbatur,
1126 2781 1208 2828 cum

128 2900 130 2906 ’
221 2879 407 2952 “summo
439 2877 554 2952 studio
587 2877 688 2956 domi
715 2874 1018 2974 exsequebantur:
1061 2875 1207 2966 imitari,

214 3006 251 3061 ὅ(
270 3025 377 3096 quam
410 2997 566 3071 invidere
600 2994 701 3071 bonis
733 2991 921 3072 malebant.
987 2997 1056 3070 Sed
1081 2999 1209 3074 eodem

223 3127 251 3164 “
268 3119 330 3192 illo
342 3104 513 3214 tempore,
529 3117 674 3190 Graeciae
689 3143 826 3218 mqrem
838 3116 977 3208 imitati,
1003 3119 1210 3194 verberibus

227 3239 596 3314 “animadvertebant
620 3237 656 3309 in
678 3237 777 3327 civis,
800 3238 845 3311 de
864 3241 1103 3313 condemnatis
1116 3241 1210 3318 sum-

223 3369 252 3404 “
271 3386 372 3454 mum
387 3357 596 3456 supplicium
617 3357 808 3433 sumebant.
858 3361 1050 3458 Postquam
1067 3358 1212 3455 respub-

224 3481 337 3556 “lica
365 3478 520 3554 adolevit
559 3485 592 3553 bc
636 3470 861 3554 multitudine
890 3481 1021 3555 civium
1048 3479 1217 3555 fattiones

117 3584 119 3590 ἶ
225 3609 251 3644 “
271 3603 425 3690 valuere,
455 3599 709 3674 circumvenire
728 3601 944 3692 innocentes,
968 3600 1037 3674 alia
1049 3597 1211 3698 hujusce-

226 3729 255 3771 “
274 3722 378 3835 modij
396 3721 470 3805 fieri
492 3747 640 3821 coepere.
699 3723 798 3797 Tum
829 3723 886 3798 lex
922 3720 1051 3796 Porcia‘
1067 3722 1216 3823 aliaque
