2672 4682
244 339 287 410 82
460 329 1049 406 C.Cn1sr18nrrusrrr

242 511 365 600 austae,
386 533 464 609 pars
481 508 673 606 originibus
690 506 862 605 praefidio,
888 505 964 580 aliae
981 507 1101 580 decori
1118 507 1226 584 fuere.

241 633 340 704 Nam
359 632 403 704 de
421 628 631 726 Carthagine
649 629 743 701 filere
760 627 883 727 melius
901 649 1002 725 put0,
1037 653 1146 724 quam
1163 657 1226 727 pa·

241 777 323 826 rum
340 752 454 828 dicere
470 781 478 824 r
506 747 672 848 quoniam
689 748 757 822 alio
775 775 960 848 properare
977 767 1115 846 tempus
1144 777 1224 824 mo·
1327 767 1328 774 ’

243 893 314 947 net.
364 873 475 970 Igitur
491 871 534 942 ad
552 871 826 960 Catabathmon,
863 870 923 969 qui
952 872 1049 946 locus
1082 871 1226 970 AEgyp·
1327 939 1328 950 a

134 1025 142 1042 ·
242 1015 320 1070 tum
336 997 379 1068 ab
397 989 516 1064 Africa
532 990 673 1082 dividit,
707 985 859 1066 seeundo
887 991 990 1083 mari,
1023 990 1134 1088 prima
1150 995 1223 1090 Cy·
1327 1045 1328 1054 ι

242 1143 322 1191 rene
338 1113 399 1203 est,
414 1113 551 1185 colonia
566 1113 746 1202 Thereon,
760 1140 800 1187 ac
817 1112 981 1222 deinceps
997 1114 1077 1185 duae
1094 1115 1223 1209 Syrtes,
1327 1163 1328 1188 2

241 1237 399 1332 interque
426 1258 481 1307 eas
507 1234 657 1332 Leptis:
689 1235 772 1308 dein
800 1235 973 1308 Philenon
997 1261 1079 1324 arae,
1099 1261 1223 1332 quem,

238 1359 436 1454 AEgyptum
465 1355 592 1448 versus,
622 1359 730 1430 finem
748 1356 885 1454 imperii
901 1347 1050 1430 habuere
1074 1355 1222 1430 Cartha·
1327 1401 1328 1442 3

240 1473 431 1577 ginienses:
460 1478 538 1574 post
567 1477 641 1551 aliae
670 1477 812 1552 Punicae
837 1479 951 1551 urbes.
1003 1479 1128 1550 Cetera
1145 1479 1223 1552 loca
1327 1559 1328 1566 p

184 1645 186 1651 .
237 1597 346 1696 usque
363 1600 408 1671 ad
425 1599 683 1672 Mauretaniam
700 1597 869 1672 Numidae
882 1617 1019 1671 tenent:
1046 1623 1223 1695 proxume

237 1717 446 1816 Hispaniam
463 1719 583 1793 Mauri
599 1719 699 1792 sunt:
731 1719 831 1817 super
860 1719 1070 1793 Numidiam
1097 1722 1221 1794 Gaetu·

238 1842 289 1914 los
318 1839 673 1937 accepimuspattim
704 1840 741 1912 in
769 1840 929 1940 tuguriis,
953 1840 1038 1914 alios
1055 1839 1224 1914 incultius
1327 1849 1328 1920 j

237 1987 346 2060 vagos
372 1961 531 2060 agitare:
571 1963 648 2058 post
694 1988 759 2035 eos.
794 1961 980 2060 AEthiopas
1011 1963 1102 2034 effe:
1137 1962 1224 2035 dein

219 2083 314 2155 loca
340 2068 460 2154 eriusta
488 2081 565 2154 solis
592 2083 782 2156 ardoribus.
834 2083 946 2180 igitur
971 2084 1065 2156 bello
1088 2069 1222 2180 Jugur·
1327 2101 1328 2174 ξ

236 2203 335 2276 thino
353 2205 517 2300 pleraque
535 2226 580 2274 ex
596 2202 738 2274 Punicis
755 2191 886 2298 oppida
915 2207 949 2272 δι
979 2201 1057 2273 finis
1074 2204 1223 2277 Cartha·

238 2323 458 2422 giniensrum,
496 2349 583 2421 quos
610 2322 807 2394 novissume
832 2323 1037 2411 habuerant,
1068 2305 1232 2421 populus*
1327 2325 1328 2328 '

147 2440 150 2444 ⁵
237 2447 423 2518 Romanus
453 2471 513 2543 per
542 2444 761 2542 magistratus
778 2441 1062 2516 administrabat:
1099 2447 1221 2520 Gaetu·
1327 2517 1328 2524 ,

236 2567 350 2638 lorum
377 2593 506 2663 magna
535 2592 614 2664 pars
641 2566 678 2637 &
708 2563 880 2638 Numidia
901 2562 1008 2662 usque
1024 2564 1068 2637 ad
1085 2569 1220 2640 flumen

238 2689 454 2762 Mulucham
471 2687 532 2761 sub
564 2690 740 2787 Jugurtha
757 2705 876 2762 erant:
905 2685 1041 2763 Mauris
1058 2687 1223 2760 omnibus
1327 2669 1328 2752 J

235 2834 299 2882 rex
322 2811 482 2882 Bocchus
510 2809 742 2907 imperitabat,
774 2829 897 2908 praeter
927 2787 1072 2898 nomen,
1108 2827 1222 2881 cetera

236 2929 376 3026 ignarus
410 2931 530 3028 populi
571 2930 751 3025 Romani3
792 2930 949 3028 itemque
976 2930 1077 3004 nobis
1105 2954 1219 3026 neque
1266 2967 1270 2977 ·
1327 2951 1328 2960 ¹

137 3059 142 3066 ’
236 3051 344 3140 berlo,
376 3077 489 3149 neque
507 3078 592 3148 pace
609 3072 710 3126 antea
727 3051 899 3150 cognitus.
947 3054 1007 3124 De
1037 3048 1219 3123 Africa&

224 3167 309 3276 ejus
327 3167 447 3242 incolis
464 3173 509 3246 ad
527 3172 809 3245 necessitudinem
826 3171 874 3245 rei
891 3162 967 3244 satis
984 3170 1129 3246 distum.

285 3293 370 3392 XX.
397 3291 635 3382 PoerrAM,
666 3319 776 3391 regno
801 3292 925 3384 diviso,
959 3293 1065 3391 legati
1096 3288 1219 3365 Africa

236 3411 427 3499 discessere,
448 3417 483 3485 &
496 3414 669 3510 Jugurtha
685 3433 807 3486 contra
824 3413 989 3488 timorem
1002 3412 1109 3486 animi
1127 3438 1219 3509 prae-
1327 3403 1328 3472 ss

176 3629 179 3636 Ἰ
235 3532 306 3605 mia
333 3530 466 3605 sceleris
492 3533 662 3629 adeptum·
687 3532 753 3607 sese
782 3535 904 3622 videt3
938 3553 1074 3608 certum
1106 3555 1216 3625 ratus,

236 3654 333 3749 quod
350 3679 395 3725 ex
413 3651 534 3726 amicis
552 3655 648 3750 apud
660 3656 893 3728 Numantiam
910 3673 1103 3752 acceperat,
1139 3681 1220 3740 om·¹
1327 3753 1328 3758 Ἰ

236 3769 294 3844 nia
310 3774 437 3846 Romae
455 3773 591 3848 venalia
607 3777 675 3850 effe
689 3805 700 3864 ς
713 3841 718 3850 .
733 3779 832 3853 simul
862 3781 896 3852 δι
922 3775 1061 3851 illorum
1080 3774 1220 3873 pollici·
