2690 4706
140 400 309 472 cosmi
328 382 496 469 Lucrum
515 396 695 470 Sanctum
713 397 967 470 Car-mnan.
1020 423 1088 497 315

114 572 254 671 copiam
279 571 570 648 innumerabilem
593 573 776 670 desperata
793 571 986 670 juventutis
1008 603 1089 650 cum

113 694 176 767 illo
194 695 417 794 conjunstam
443 695 542 770 fuisse
568 694 806 793 patefecimus,
834 699 868 768 tc
897 720 973 768 eam
991 699 1102 770 srmul

116 816 331 892 ostendimus
362 817 483 915 suopte
515 815 657 914 ingenio
691 815 864 888 furentem
897 815 1090 892 incredibili

114 939 275 1030 audacia,
300 939 506 1036 summaque
522 935 710 1034 cupiditate
733 937 920 1032 prodenda
943 963 983 1010 ac
1001 961 1088 1010 vex-

108 1059 215 1159 andae
251 1059 346 1134 urbis
380 1057 656 1132 inflammatam:
701 1056 787 1154 quid
815 1057 892 1146 erit,
931 1057 1087 1152 Judices,

111 1181 209 1277 quod
231 1178 401 1252 dubitetis
429 1179 474 1252 de
498 1178 677 1251 liberanda
706 1177 829 1275 patria,
857 1157 973 1273 deque
989 1177 1088 1252 ulcis-

109 1302 222 1376 cenda
238 1295 459 1372 erudeliffimi
476 1296 609 1372 sceleris
638 1297 881 1404 immanitate?
934 1299 1088 1374 Novistis

108 1421 217 1494 enirn.
233 1408 365 1494 facinus
391 1419 585 1494 inauditum
613 1419 773 1493 omnium
801 1419 986 1492 hominum
1013 1441 1087 1494 me-

108 1541 231 1631 moria,
264 1539 395 1615 facinus
423 1560 537 1629 atrox,
569 1536 770 1635 superbum,
796 1537 980 1630 nefarium,
1008 1567 1086 1638 per-

107 1659 291 1751 niciosum,
317 1659 581 1735 remotissimum
598 1663 642 1733 ab
659 1659 756 1732 omni
772 1659 998 1750 humanitate,
1025 1687 1087 1734 na·

107 1801 197 1872 tura,
223 1782 316 1880 lege,
355 1760 625 1855 consuetudine:
667 1777 763 1877 cujus
797 1779 1034 1871 acerbitatem,
1061 1786 1084 1855 fi

108 1901 225 1976 minus
243 1901 361 1976 animo
378 1903 467 1974 bene
485 1899 715 1998 perspexistis,
743 1898 857 1998 quaeso
874 1883 1014 1976 mecum
1032 1903 1085 1975 di-

108 2022 256 2120 ligenter
279 2020 456 2094 attendite.
692 2017 694 2020 ’

158 2144 315 2216 XXXV.
344 2142 460 2216 Scelus
476 2141 578 2233 illud,
606 2142 761 2238 Judices,
787 2146 998 2216 eversionem
1025 2170 1085 2218 ne-

107 2261 231 2336 fariam
262 2260 468 2336 moliebatur
495 2263 709 2362 ampliffimae
742 2263 865 2338 nostrae
884 2263 1084 2362 dignitatis,

107 2383 290 2490 interitum
303 2383 577 2459 crudelissimum
594 2384 759 2458 Senatorii
779 2384 922 2476 ordinis,
952 2388 1087 2462 caedem

108 2531 337 2580 communem
362 2504 522 2578 omnium
550 2507 743 2579 bonorum:
771 2502 872 2602 hujus
894 2505 1027 2580 sceleris
1044 2508 1085 2581 li-

107 2624 193 2699 bido
218 2627 364 2720 'reposrta
390 2643 460 2696 erat
484 2623 521 2696 in
545 2625 747 2722 diripiendis
771 2625 931 2698 omnium
955 2627 1085 2700 civium

108 2741 346 2832 facultatibus,
382 2763 488 2841 atque
522 2745 754 2842 opprimenda
781 2744 875 2819 urbis
905 2744 1084 2819 libertate:

108 2863 191 2938 huic
218 2861 335 2936 sceleri
365 2865 572 2961 parabantur
593 2865 774 2942 teterrima
803 2863 1010 2962 conjugum,
1046 2893 1087 2940 ac

107 2985 298 3058 liberorum
328 2985 523 3060 nostrorum
551 2984 776 3066 vexationes:
805 2985 841 3058 in
867 2987 935 3059 hoe
963 2983 1086 3062 scelere
1171 3064 1173 3070 ,

106 3103 327 3178 versabantur
363 3105 515 3202 denique
543 3103 660 3186 sacas.
679 3105 866 3180 inserendae
904 3108 1087 3205 penatibus

110 3224 248 3314 nostris,
295 3217 524 3323 expila'tiones
565 3227 710 3317 aedium,
756 3227 873 3325 stupra
905 3227 1139 3328 virginum·

108 3345 315 3436 Vestalium,
346 3348 458 3420 luslus
482 3373 522 3419 ac
547 3373 678 3420 moeror
698 3347 897 3423 miserabilis
922 3347 1087 3427 universa

106 3465 277 3550 civitatis„
319 3464 410 3562 Quae
436 3470 459 3541 sr
487 3467 602 3556 vobis,
628 3487 667 3540 ut
693 3467 782 3559 sunt,
809 3468 954 3568 indigna
980 3489 1087 3568 atque

105 3585 334 3667 intolerabilia
358 3587 536 3679 ¹videntur,
568 3614 640 3661 non·
664 3588 824 3688 iniquum
849 3589 925 3678 erit,
952 3585 1088 3664 autores

107 3706 235 3780 horum
253 3746 257 3760 ·
273 3708 448 3782 malorum
488 3711 636 3812 multare
674 3708 857 3783 teterrimis
897 3707 1086 3808 suppliciis

106 3827 316 3944 clademque
350 3828 513 3918 omniurn
545 3830 812 3906 crudelissimam
850 3856 869 3904 e
902 3830 1088 3908 visceribus
