2672 4682
230 363 275 439 32
424 342 466 415 C.
501 341 686 448 Cnrsrr
721 340 1013 415 sirius-ru

225 511 458 612 magistratus,
494 511 703 612 provincias,
739 511 876 611 aliaque
909 511 1030 586 omnia
1070 529 1221 586 teneres
1323 501 1324 524 l

224 635 288 734 ipsr
315 635 464 726 innoxii,
493 639 668 724 florentes,
700 637 769 708 sine
799 655 896 710 metu
925 653 1063 710 aetatem
1091 629 1247 733 age're,

225 775 358 830 ceteros
369 755 508 856 judiciis
524 775 676 844 terrere,
706 781 778 855 quo
796 757 936 854 plebem
958 755 994 828 in
1013 754 1223 854 magistratu

225 877 395 976 placidius
412 877 606 950 uastarent.
657 878 726 950 Sed
753 877 815 951 ubi
845 875 1002 975 primum
1026 874 1143 949 dubiis
1162 886 1223 949 te-

226 1001 293 1074 bus
311 996 479 1072 novandis
504 995 579 1095 spes
609 999 741 1088 oblata,
771 1017 870 1072 vetus
887 1017 1061 1071 certamen
1078 996 1222 1087 animos

227 1145 350 1194 eorum
380 1116 516 1191 arrexit.
567 1121 679 1217 Qod
714 1124 737 1194 fi
768 1119 882 1218 primo
916 1117 1038 1218 praelio
1064 1117 1222 1192 Catilina

187 1309 189 1316 Α
226 1237 389 1337 superior,
424 1257 483 1310 aut
517 1265 617 1337 aqua
652 1265 761 1314 manu
794 1238 1008 1314 disceffiffet:
1054 1237 1220 1337 profedlo

226 1383 355 1456 magna
365 1359 479 1432 clades
496 1380 602 1457 atque
619 1361 796 1435 calamitas
810 1360 1064 1459 rempublicam
1075 1359 1219 1457 oppres-

226 1483 336 1566 srffet3
367 1507 483 1579 neque
511 1481 591 1572 illis,
624 1482 684 1580 qui
711 1482 893 1556 vietoriam
923 1480 1056 1579 adepti,
1083 1480 1221 1555 diutius

227 1627 268 1675 ea
297 1600 348 1674 uti
379 1600 539 1694 licuiffet,
566 1604 654 1702 quin
672 1603 805 1678 deleffis
824 1610 857 1678 δι
876 1600 1122 1702 exsanguibus,
1155 1603 1220 1701 qui

225 1723 303 1830 plus
322 1725 446 1818 pollet,
475 1722 661 1821 imperium
678 1745 785 1823 atque
810 1725 1009 1800 libertatem
1025 1713 1216 1822 extorquess

226 1864 289 1918 ret.
331 1845 442 1917 Fuere
460 1864 578 1918 tamen
595 1865 692 1919 extra
708 1843 983 1946 conjurationem
1000 1846 1218 1942 complures,

226 1965 287 2064 qui
313 1966 358 2038 ad
386 1965 575 2040 Catilinam
605 1966 705 2040 initio
730 1965 876 2066 proferiti
892 1965 979 2040 sunt.
1030 1968 1072 2039 In
1089 1965 1141 2038 his
1168 1971 1219 2044 A.

225 2085 387 2177 Fulvius,
418 2085 579 2160 senatoris
606 2087 724 2161 filius:
758 2113 865 2187 quem
883 2089 1071 2170 tetradum
1095 2113 1139 2160 ex
1157 2085 1217 2158 iti-

224 2232 308 2280 nere
325 2233 447 2305 parens
464 2207 580 2280 necari
602 2205 709 2305 julsrt.
761 2206 874 2282 Isdem
892 2207 1112 2306 temporibus
1138 2211 1217 2285 Ro-

164 2347 171 2361 '
226 2354 295 2402 mae
321 2331 510 2420 Lentulus,
543 2327 641 2402 ficuti
670 2327 821 2402 Catilina
852 2347 1080 2426 praeceperat,
1112 2329 1218 2425 quos-

191 2499 194 2504 ·
225 2476 381 2548 cumque
399 2450 558 2530 moribus
575 2469 635 2522 aut
653 2447 793 2523 fortuna
818 2448 920 2522 novis
939 2451 1043 2522 rebus
1068 2447 1218 2523 idoneos

226 2571 406 2661 credebat,
437 2591 497 2644 aut
527 2597 590 2670 per
623 2570 670 2659 se,
690 2589 749 2644 aut
780 2596 843 2668 per
870 2569 955 2644 alios
985 2567 1216 2658 sollicitabat3

225 2717 341 2790 neque
368 2691 482 2766 solum
505 2693 613 2782 cives,
639 2690 697 2766 sed
728 2689 994 2791 cujusquemodi
1020 2717 1131 2791 genus
1148 2694 1216 2766 ho-

226 2812 380 2904 minum,
399 2815 497 2912 quod
515 2816 625 2888 modo
643 2813 777 2913 [bello]
795 2811 870 2886 usui
893 2812 994 2888 foret.

274 2937 359 3010 XL.
388 2919 602 3010 IorrunsP.
633 2939 821 3018 Umbreno
851 2935 993 3012 cuidam
1030 2933 1215 3034 negotium

181 3090 184 3092 ·
225 3055 301 3145 dat,
330 3055 379 3128 uti
399 3058 533 3155 legatos
552 3059 791 3156 Allobrogum
813 3055 986 3154 requiram
1016 3055 1158 3155 eosque,
1192 3059 1216 3130 fi

226 3178 341 3274 possit,
370 3175 529 3273 impellat
557 3169 603 3250 ad
631 3176 831 3251 societatem
860 3177 968 3252 belli:
1001 3176 1217 3250 existumans

226 3295 369 3395 publice
388 3282 623 3396 privatimque
641 3322 709 3372 aere
727 3298 840 3372 alieno
859 3299 1049 3401 oppressos,
1075 3317 1216 3395 praeter-

225 3445 280 3510 ea,
302 3417 400 3518 duod
418 3438 541 3492 natura
560 3445 645 3517 gens
663 3419 800 3493 Gallica
819 3418 982 3494 bellicosa
999 3419 1095 3507 effet,
1115 3415 1219 3492 facile

225 3551 283 3614 eos
313 3519 358 3614 ad
386 3541 456 3612 tale
478 3539 658 3612 confilium
679 3539 806 3614 adduci
830 3542 937 3638 polle.
988 3539 1215 3636 Umbrenus,

226 3662 323 3759 quod
341 3661 378 3735 in
397 3660 512 3735 Gallia
541 3660 753 3764 negotiatus,
791 3660 962 3760 plerisque
996 3657 1218 3757 principibus

226 3801 329 3858 notus
348 3805 435 3878 erat,
464 3803 571 3882 atque
589 3807 647 3859 eos
667 3804 834 3857 noverat:
862 3782 979 3881 itaque
1008 3784 1077 3855 sine
1101 3807 1216 3872 mora,
