<?xml version="1.0" encoding="UTF-8"?>
<!DOCTYPE html PUBLIC "-//W3C//DTD XHTML 1.0 Transitional//EN"
    "http://www.w3.org/TR/xhtml1/DTD/xhtml1-transitional.dtd">
<html xmlns="http://www.w3.org/1999/xhtml" xml:lang="en" lang="en">
 <head>
  <title>
</title>
<meta http-equiv="Content-Type" content="text/html;charset=utf-8" />
  <meta name='ocr-system' content='tesseract 3.04.00' />
  <meta name='ocr-capabilities' content='ocr_page ocr_carea ocr_par ocr_line ocrx_word'/>
</head>
<body>
  <div class='ocr_page' id='page_1' title='image "./caiicrispisallu00sallgoog_0151.png"; bbox 0 0 2662 4686; ppageno 0'>
   <div class='ocr_carea' id='block_1_1' title="bbox 417 337 1083 452">
    <p class='ocr_par' dir='ltr' id='par_1_1' title="bbox 417 327 1083 452">
     <span class='ocr_line' id='line_1_1' title="bbox 417 337 1083 452; baseline 0.012 -34"><span class='ocrx_word' id='word_1_1' title='bbox 417 337 760 439; x_wconf 75' lang='lat' dir='ltr'>Joovnrnn&#39;.</span> <span class='ocrx_word' id='word_1_2' title='bbox 1014 374 1083 452; x_wconf 74' lang='lat'>143</span> 
     </span>
    </p>
   </div>
   <div class='ocr_carea' id='block_1_2' title="bbox 7 503 1166 3886">
    <p class='ocr_par' dir='ltr' id='par_1_2' title="bbox 95 503 1086 1320">
     <span class='ocr_line' id='line_1_2' title="bbox 95 503 1084 622; baseline 0.008 -28"><span class='ocrx_word' id='word_1_3' title='bbox 95 507 135 594; x_wconf 84' lang='lat' dir='ltr'>in</span> <span class='ocrx_word' id='word_1_4' title='bbox 163 503 361 616; x_wconf 75' lang='lat' dir='ltr'>superbiam</span> <span class='ocrx_word' id='word_1_5' title='bbox 394 524 604 600; x_wconf 79' lang='lat' dir='ltr'>vortebent:</span> <span class='ocrx_word' id='word_1_6' title='bbox 637 523 696 598; x_wconf 87' lang='lat' dir='ltr'>alii</span> <span class='ocrx_word' id='word_1_7' title='bbox 724 526 861 598; x_wconf 88' lang='lat' dir='ltr'>bonum</span> <span class='ocrx_word' id='word_1_8' title='bbox 900 521 1084 622; x_wconf 84' lang='lat' dir='ltr'><strong>ingenium</strong></span> 
     </span>
     <span class='ocr_line' id='line_1_3' title="bbox 95 639 1083 743; baseline 0.006 -29"><span class='ocrx_word' id='word_1_9' title='bbox 95 639 319 716; x_wconf 84' lang='lat' dir='ltr'>contumelia</span> <span class='ocrx_word' id='word_1_10' title='bbox 334 641 518 719; x_wconf 84' lang='lat' dir='ltr'>accensum</span> <span class='ocrx_word' id='word_1_11' title='bbox 535 647 625 718; x_wconf 74' lang='lat' dir='ltr'>eise:</span> <span class='ocrx_word' id='word_1_12' title='bbox 653 645 771 736; x_wconf 87' lang='lat' dir='ltr'>multi,</span> <span class='ocrx_word' id='word_1_13' title='bbox 786 645 883 742; x_wconf 90' lang='lat' dir='ltr'>quod</span> <span class='ocrx_word' id='word_1_14' title='bbox 893 641 969 743; x_wconf 81' lang='lat' dir='ltr'>jem</span> <span class='ocrx_word' id='word_1_15' title='bbox 987 668 1083 743; x_wconf 70' lang='lat' dir='ltr'>parte</span> 
     </span>
     <span class='ocr_line' id='line_1_4' title="bbox 98 743 1084 866; baseline 0.003 -29"><span class='ocrx_word' id='word_1_16' title='bbox 98 760 249 837; x_wconf 63' lang='lat' dir='ltr'>victoria</span> <span class='ocrx_word' id='word_1_17' title='bbox 273 785 319 836; x_wconf 84' lang='lat' dir='ltr'>ex</span> <span class='ocrx_word' id='word_1_18' title='bbox 346 743 517 838; x_wconf 78' lang='lat' dir='ltr'>manibds.</span> <span class='ocrx_word' id='word_1_19' title='bbox 528 765 724 863; x_wconf 84' lang='lat' dir='ltr'>eriperetur.</span> <span class='ocrx_word' id='word_1_20' title='bbox 774 767 890 842; x_wconf 90' lang='lat' dir='ltr'>Nobis</span> <span class='ocrx_word' id='word_1_21' title='bbox 907 765 981 840; x_wconf 85' lang='lat' dir='ltr'>seris</span> <span class='ocrx_word' id='word_1_22' title='bbox 999 793 1084 866; x_wconf 82' lang='lat' dir='ltr'>cog-</span> 
     </span>
     <span class='ocr_line' id='line_1_5' title="bbox 98 881 1086 988; baseline 0.007 -32"><span class='ocrx_word' id='word_1_23' title='bbox 98 881 229 972; x_wconf 84' lang='lat' dir='ltr'>nitum,</span> <span class='ocrx_word' id='word_1_24' title='bbox 255 881 357 957; x_wconf 88' lang='lat' dir='ltr'>illum</span> <span class='ocrx_word' id='word_1_25' title='bbox 379 884 493 984; x_wconf 82' lang='lat' dir='ltr'>magis</span> <span class='ocrx_word' id='word_1_26' title='bbox 515 887 648 962; x_wconf 87' lang='lat' dir='ltr'>honore</span> <span class='ocrx_word' id='word_1_27' title='bbox 674 887 796 979; x_wconf 81' lang='lat' dir='ltr'>Marii,</span> <span class='ocrx_word' id='word_1_28' title='bbox 827 913 934 988; x_wconf 83' lang='lat' dir='ltr'><strong>quam</strong></span> <span class='ocrx_word' id='word_1_29' title='bbox 962 886 1086 986; x_wconf 82' lang='lat' dir='ltr'>injuria</span> 
     </span>
     <span class='ocr_line' id='line_1_6' title="bbox 97 1001 1082 1106; baseline 0.006 -28"><span class='ocrx_word' id='word_1_30' title='bbox 97 1001 158 1078; x_wconf 81' lang='lat' dir='ltr'>sua</span> <span class='ocrx_word' id='word_1_31' title='bbox 174 1003 429 1096; x_wconf 82' lang='lat' dir='ltr'>excruciatum,</span> <span class='ocrx_word' id='word_1_32' title='bbox 455 1031 570 1106; x_wconf 89' lang='lat' dir='ltr'>neque</span> <span class='ocrx_word' id='word_1_33' title='bbox 586 1027 660 1084; x_wconf 86' lang='lat' dir='ltr'>tam</span> <span class='ocrx_word' id='word_1_34' title='bbox 677 1009 779 1082; x_wconf 82' lang='lat' dir='ltr'>anxie</span> <span class='ocrx_word' id='word_1_35' title='bbox 801 1009 952 1084; x_wconf 85' lang='lat' dir='ltr'>laturum</span> <span class='ocrx_word' id='word_1_36' title='bbox 970 1009 1082 1100; x_wconf 85' lang='lat' dir='ltr'>fuiffe,</span> 
     </span>
     <span class='ocr_line' id='line_1_7' title="bbox 98 1125 1084 1228; baseline 0.008 -30"><span class='ocrx_word' id='word_1_37' title='bbox 98 1128 122 1198; x_wconf 90' lang='lat' dir='ltr'>s1</span> <span class='ocrx_word' id='word_1_38' title='bbox 162 1125 304 1198; x_wconf 80' lang='lat' dir='ltr'>ademta</span> <span class='ocrx_word' id='word_1_39' title='bbox 332 1126 514 1224; x_wconf 82' lang='lat' dir='ltr'>provincie</span> <span class='ocrx_word' id='word_1_40' title='bbox 535 1129 606 1220; x_wconf 84' lang='lat' dir='ltr'>alii,</span> <span class='ocrx_word' id='word_1_41' title='bbox 642 1156 750 1228; x_wconf 79' lang='lat' dir='ltr'><strong>quam</strong></span> <span class='ocrx_word' id='word_1_42' title='bbox 776 1130 909 1222; x_wconf 83' lang='lat' dir='ltr'>Mari0,</span> <span class='ocrx_word' id='word_1_43' title='bbox 933 1131 1084 1206; x_wconf 83' lang='lat' dir='ltr'>tradere·</span> 
     </span>
     <span class='ocr_line' id='line_1_8' title="bbox 98 1261 272 1320; baseline 0.006 0"><span class='ocrx_word' id='word_1_44' title='bbox 98 1264 167 1320; x_wconf 85' lang='lat' dir='ltr'>tur.</span> <span class='ocrx_word' id='word_1_45' title='bbox 207 1297 208 1312; x_wconf 48' lang='lat' dir='ltr'>r</span> <span class='ocrx_word' id='word_1_46' title='bbox 269 1261 272 1269; x_wconf 85' lang='grc'>’</span> 
     </span>
    </p>

    <p class='ocr_par' dir='ltr' id='par_1_3' title="bbox 99 1365 1160 2076">
     <span class='ocr_line' id='line_1_9' title="bbox 149 1365 1084 1480; baseline 0.009 -38"><span class='ocrx_word' id='word_1_47' title='bbox 149 1368 364 1480; x_wconf 74' lang='lat' dir='ltr'>LXXXIII.</span> <span class='ocrx_word' id='word_1_48' title='bbox 382 1365 525 1446; x_wconf 75' lang='lat' dir='ltr'>lemn</span> <span class='ocrx_word' id='word_1_49' title='bbox 543 1397 585 1446; x_wconf 88' lang='lat' dir='ltr'>co</span> <span class='ocrx_word' id='word_1_50' title='bbox 601 1371 723 1448; x_wconf 87' lang='lat' dir='ltr'>dolore</span> <span class='ocrx_word' id='word_1_51' title='bbox 735 1374 937 1472; x_wconf 85' lang='lat' dir='ltr'>impeditus,</span> <span class='ocrx_word' id='word_1_52' title='bbox 952 1379 986 1450; x_wconf 73' lang='grc' dir='ltr'>δι</span> <span class='ocrx_word' id='word_1_53' title='bbox 1001 1373 1084 1474; x_wconf 79' lang='lat' dir='ltr'>quia</span> 
     </span>
     <span class='ocr_line' id='line_1_10' title="bbox 99 1481 1083 1593; baseline 0.009 -30"><span class='ocrx_word' id='word_1_54' title='bbox 99 1487 252 1563; x_wconf 81' lang='lat' dir='ltr'>stultitiae</span> <span class='ocrx_word' id='word_1_55' title='bbox 273 1487 460 1564; x_wconf 84' lang='lat' dir='ltr'>videbatur</span> <span class='ocrx_word' id='word_1_56' title='bbox 490 1492 639 1568; x_wconf 83' lang='lat' dir='ltr'>alienam</span> <span class='ocrx_word' id='word_1_57' title='bbox 656 1481 733 1570; x_wconf 84' lang='lat' dir='ltr'>rem</span> <span class='ocrx_word' id='word_1_58' title='bbox 755 1495 912 1593; x_wconf 89' lang='lat' dir='ltr'>periculo</span> <span class='ocrx_word' id='word_1_59' title='bbox 937 1495 998 1571; x_wconf 88' lang='lat' dir='ltr'>suo</span> <span class='ocrx_word' id='word_1_60' title='bbox 1021 1524 1083 1572; x_wconf 89' lang='lat' dir='ltr'>cu·</span> 
     </span>
     <span class='ocr_line' id='line_1_11' title="bbox 100 1609 1084 1714; baseline 0.007 -31"><span class='ocrx_word' id='word_1_61' title='bbox 100 1634 189 1700; x_wconf 76' lang='lat' dir='ltr'>rere,</span> <span class='ocrx_word' id='word_1_62' title='bbox 207 1609 343 1708; x_wconf 77' lang='lat' dir='ltr'>legatos</span> <span class='ocrx_word' id='word_1_63' title='bbox 357 1612 403 1684; x_wconf 81' lang='lat' dir='ltr'>ad</span> <span class='ocrx_word' id='word_1_64' title='bbox 419 1613 598 1688; x_wconf 88' lang='lat' dir='ltr'>Bocchum</span> <span class='ocrx_word' id='word_1_65' title='bbox 616 1614 737 1706; x_wconf 87' lang='lat' dir='ltr'>mittit,</span> <span class='ocrx_word' id='word_1_66' title='bbox 757 1617 981 1714; x_wconf 85' lang='lat' dir='ltr'>postulatum,</span> <span class='ocrx_word' id='word_1_67' title='bbox 998 1625 1025 1660; x_wconf 91' lang='lat'><strong>“</strong></span> <span class='ocrx_word' id='word_1_68' title='bbox 1039 1643 1084 1690; x_wconf 89' lang='lat' dir='ltr'>ne</span> 
     </span>
     <span class='ocr_line' id='line_1_12' title="bbox 103 1715 1160 1836; baseline 0.009 -33"><span class='ocrx_word' id='word_1_69' title='bbox 103 1737 131 1774; x_wconf 89' lang='lat'><strong>“</strong></span> <span class='ocrx_word' id='word_1_70' title='bbox 150 1734 219 1804; x_wconf 87' lang='lat' dir='ltr'>fine</span> <span class='ocrx_word' id='word_1_71' title='bbox 235 1732 352 1804; x_wconf 74' lang='lat' dir='ltr'>cauffo</span> <span class='ocrx_word' id='word_1_72' title='bbox 367 1731 472 1806; x_wconf 88' lang='lat' dir='ltr'>hostis</span> <span class='ocrx_word' id='word_1_73' title='bbox 484 1737 618 1832; x_wconf 88' lang='lat' dir='ltr'>populo</span> <span class='ocrx_word' id='word_1_74' title='bbox 632 1739 799 1812; x_wconf 81' lang='lat' dir='ltr'>Romano</span> <span class='ocrx_word' id='word_1_75' title='bbox 811 1738 910 1810; x_wconf 88' lang='lat' dir='ltr'>fieret</span> <span class='ocrx_word' id='word_1_76' title='bbox 926 1765 935 1816; x_wconf 84' lang='grc'><strong>;</strong></span> <span class='ocrx_word' id='word_1_77' title='bbox 957 1739 1084 1812; x_wconf 83' lang='lat' dir='ltr'>habere</span> <span class='ocrx_word' id='word_1_78' title='bbox 1139 1715 1160 1836; x_wconf 37' lang='grc'>’-</span> 
     </span>
     <span class='ocr_line' id='line_1_13' title="bbox 102 1855 1083 1955; baseline 0.005 -29"><span class='ocrx_word' id='word_1_79' title='bbox 102 1860 131 1898; x_wconf 84' lang='grc'><strong>“</strong></span> <span class='ocrx_word' id='word_1_80' title='bbox 150 1878 235 1926; x_wconf 88' lang='lat' dir='ltr'>eum</span> <span class='ocrx_word' id='word_1_81' title='bbox 269 1879 439 1953; x_wconf 79' lang='lat' dir='ltr'>magnam</span> <span class='ocrx_word' id='word_1_82' title='bbox 468 1857 608 1954; x_wconf 86' lang='lat' dir='ltr'>copiam</span> <span class='ocrx_word' id='word_1_83' title='bbox 646 1857 816 1933; x_wconf 78' lang='lat' dir='ltr'>societatis</span> <span class='ocrx_word' id='word_1_84' title='bbox 851 1855 1083 1955; x_wconf 78' lang='lat' dir='ltr'>amicitiaeque</span> 
     </span>
     <span class='ocr_line' id='line_1_14' title="bbox 101 1971 1083 2076; baseline 0.004 -28"><span class='ocrx_word' id='word_1_85' title='bbox 101 1981 130 2017; x_wconf 91' lang='lat'><strong><em>“</em></strong></span> <span class='ocrx_word' id='word_1_86' title='bbox 147 1971 418 2073; x_wconf 81' lang='lat' dir='ltr'>conjungendae,</span> <span class='ocrx_word' id='word_1_87' title='bbox 449 2003 527 2075; x_wconf 86' lang='lat' dir='ltr'>quae</span> <span class='ocrx_word' id='word_1_88' title='bbox 552 1976 665 2074; x_wconf 91' lang='lat' dir='ltr'>potior</span> <span class='ocrx_word' id='word_1_89' title='bbox 689 1979 784 2052; x_wconf 90' lang='lat' dir='ltr'>bello</span> <span class='ocrx_word' id='word_1_90' title='bbox 808 1981 913 2066; x_wconf 82' lang='lat' dir='ltr'>elsct3</span> <span class='ocrx_word' id='word_1_91' title='bbox 958 2003 1083 2076; x_wconf 82' lang='lat' dir='ltr'><strong>quam·</strong></span> 
     </span>
    </p>

    <p class='ocr_par' dir='ltr' id='par_1_4' title="bbox 7 2096 1166 3886">
     <span class='ocr_line' id='line_1_15' title="bbox 7 2096 1085 2196; baseline 0.005 -29"><span class='ocrx_word' id='word_1_92' title='bbox 7 2143 9 2150; x_wconf 90' lang='lat'>·</span> <span class='ocrx_word' id='word_1_93' title='bbox 101 2103 130 2140; x_wconf 92' lang='lat'><strong>“</strong></span> <span class='ocrx_word' id='word_1_94' title='bbox 149 2118 263 2194; x_wconf 81' lang='lat' dir='ltr'><strong>quam</strong></span> <span class='ocrx_word' id='word_1_95' title='bbox 278 2096 401 2194; x_wconf 86' lang='lat' dir='ltr'>opibus</span> <span class='ocrx_word' id='word_1_96' title='bbox 418 2100 623 2190; x_wconf 87' lang='lat' dir='ltr'>confideret,</span> <span class='ocrx_word' id='word_1_97' title='bbox 640 2125 713 2172; x_wconf 91' lang='lat' dir='ltr'>non</span> <span class='ocrx_word' id='word_1_98' title='bbox 730 2102 857 2175; x_wconf 90' lang='lat' dir='ltr'>debere</span> <span class='ocrx_word' id='word_1_99' title='bbox 875 2099 1003 2174; x_wconf 83' lang='lat' dir='ltr'>incerto</span> <span class='ocrx_word' id='word_1_100' title='bbox 1021 2125 1085 2196; x_wconf 90' lang='lat' dir='ltr'>pro</span> 
     </span>
     <span class='ocr_line' id='line_1_16' title="bbox 99 2215 1090 2311; baseline 0.004 -21"><span class='ocrx_word' id='word_1_101' title='bbox 99 2224 129 2258; x_wconf 90' lang='lat'><strong>“</strong></span> <span class='ocrx_word' id='word_1_102' title='bbox 149 2215 250 2290; x_wconf 83' lang='lat' dir='ltr'>certis</span> <span class='ocrx_word' id='word_1_103' title='bbox 276 2237 437 2293; x_wconf 82' lang='lat' dir='ltr'>mutare:</span> <span class='ocrx_word' id='word_1_104' title='bbox 464 2245 570 2294; x_wconf 80' lang='lat' dir='ltr'>onrne</span> <span class='ocrx_word' id='word_1_105' title='bbox 586 2221 720 2294; x_wconf 83' lang='lat' dir='ltr'>bellum</span> <span class='ocrx_word' id='word_1_106' title='bbox 737 2219 825 2296; x_wconf 86' lang='lat' dir='ltr'>sumi</span> <span class='ocrx_word' id='word_1_107' title='bbox 853 2219 967 2311; x_wconf 87' lang='lat' dir='ltr'>facile,</span> <span class='ocrx_word' id='word_1_108' title='bbox 993 2241 1090 2294; x_wconf 72' lang='lat' dir='ltr'>ceto·</span> 
     </span>
     <span class='ocr_line' id='line_1_17' title="bbox 101 2340 1166 2442; baseline 0.012 -31"><span class='ocrx_word' id='word_1_109' title='bbox 101 2341 231 2412; x_wconf 86' lang='lat' dir='ltr'>“rum</span> <span class='ocrx_word' id='word_1_110' title='bbox 247 2361 443 2438; x_wconf 80' lang='lat' dir='ltr'>aegerrurne</span> <span class='ocrx_word' id='word_1_111' title='bbox 470 2341 644 2416; x_wconf 83' lang='lat' dir='ltr'>definere:</span> <span class='ocrx_word' id='word_1_112' title='bbox 671 2367 744 2416; x_wconf 91' lang='lat' dir='ltr'>non</span> <span class='ocrx_word' id='word_1_113' title='bbox 772 2343 810 2416; x_wconf 91' lang='lat' dir='ltr'>in</span> <span class='ocrx_word' id='word_1_114' title='bbox 833 2340 985 2442; x_wconf 86' lang='lat' dir='ltr'>ejusdem</span> <span class='ocrx_word' id='word_1_115' title='bbox 1019 2369 1084 2442; x_wconf 88' lang='lat' dir='ltr'>po·</span> <span class='ocrx_word' id='word_1_116' title='bbox 1163 2419 1166 2424; x_wconf 84' lang='lat'>.</span> 
     </span>
     <span class='ocr_line' id='line_1_18' title="bbox 101 2459 1085 2566; baseline 0.003 -33"><span class='ocrx_word' id='word_1_117' title='bbox 101 2467 132 2504; x_wconf 89' lang='lat'><strong>“</strong></span> <span class='ocrx_word' id='word_1_118' title='bbox 147 2461 270 2534; x_wconf 84' lang='lat' dir='ltr'>testate</span> <span class='ocrx_word' id='word_1_119' title='bbox 287 2459 427 2536; x_wconf 87' lang='lat' dir='ltr'>initium</span> <span class='ocrx_word' id='word_1_120' title='bbox 449 2459 520 2561; x_wconf 84' lang='lat' dir='ltr'>ejus</span> <span class='ocrx_word' id='word_1_121' title='bbox 542 2465 576 2536; x_wconf 89' lang='lat'>&amp;</span> <span class='ocrx_word' id='word_1_122' title='bbox 594 2465 703 2537; x_wconf 88' lang='lat' dir='ltr'><strong>finem</strong></span> <span class='ocrx_word' id='word_1_123' title='bbox 720 2465 812 2538; x_wconf 78' lang='lat' dir='ltr'>elle:</span> <span class='ocrx_word' id='word_1_124' title='bbox 836 2464 990 2566; x_wconf 79' lang='lat' dir='ltr'>incipere</span> <span class='ocrx_word' id='word_1_125' title='bbox 1010 2464 1085 2536; x_wconf 81' lang='lat' dir='ltr'>cui·</span> 
     </span>
     <span class='ocr_line' id='line_1_19' title="bbox 98 2581 1087 2681; baseline 0.004 -27"><span class='ocrx_word' id='word_1_126' title='bbox 98 2589 126 2626; x_wconf 90' lang='lat'><strong>“</strong></span> <span class='ocrx_word' id='word_1_127' title='bbox 144 2583 213 2672; x_wconf 88' lang='lat' dir='ltr'>vis,</span> <span class='ocrx_word' id='word_1_128' title='bbox 241 2581 346 2656; x_wconf 86' lang='lat' dir='ltr'>etiarn</span> <span class='ocrx_word' id='word_1_129' title='bbox 363 2581 492 2680; x_wconf 84' lang='lat' dir='ltr'>ignavo</span> <span class='ocrx_word' id='word_1_130' title='bbox 508 2583 634 2670; x_wconf 87' lang='lat' dir='ltr'>licere;</span> <span class='ocrx_word' id='word_1_131' title='bbox 661 2584 806 2681; x_wconf 79' lang='lat' dir='ltr'>deponi,</span> <span class='ocrx_word' id='word_1_132' title='bbox 826 2611 910 2657; x_wconf 89' lang='lat' dir='ltr'>cum</span> <span class='ocrx_word' id='word_1_133' title='bbox 938 2584 1087 2658; x_wconf 69' lang='lat' dir='ltr'>nidores</span> 
     </span>
     <span class='ocr_line' id='line_1_20' title="bbox 100 2702 1086 2802; baseline -0.001 -25"><span class='ocrx_word' id='word_1_134' title='bbox 100 2709 128 2746; x_wconf 89' lang='lat'><strong>“</strong></span> <span class='ocrx_word' id='word_1_135' title='bbox 145 2703 271 2777; x_wconf 88' lang='lat' dir='ltr'>velint.</span> <span class='ocrx_word' id='word_1_136' title='bbox 321 2703 473 2778; x_wconf 85' lang='lat' dir='ltr'>Proinde</span> <span class='ocrx_word' id='word_1_137' title='bbox 492 2704 554 2780; x_wconf 87' lang='lat' dir='ltr'>fibi</span> <span class='ocrx_word' id='word_1_138' title='bbox 576 2727 758 2802; x_wconf 83' lang='lat' dir='ltr'>regnoque</span> <span class='ocrx_word' id='word_1_139' title='bbox 774 2702 989 2789; x_wconf 87' lang='lat' dir='ltr'>consuleret;</span> <span class='ocrx_word' id='word_1_140' title='bbox 1016 2729 1086 2778; x_wconf 91' lang='lat' dir='ltr'>neu</span> 
     </span>
     <span class='ocr_line' id='line_1_21' title="bbox 100 2822 1085 2923; baseline -0.004 -23"><span class='ocrx_word' id='word_1_141' title='bbox 100 2824 301 2900; x_wconf 86' lang='lat' dir='ltr'>“&#39;florcntis</span> <span class='ocrx_word' id='word_1_142' title='bbox 316 2849 369 2898; x_wconf 89' lang='lat' dir='ltr'>res</span> <span class='ocrx_word' id='word_1_143' title='bbox 397 2824 472 2898; x_wconf 86' lang='lat' dir='ltr'>sues</span> <span class='ocrx_word' id='word_1_144' title='bbox 499 2851 583 2899; x_wconf 90' lang='lat' dir='ltr'>cum</span> <span class='ocrx_word' id='word_1_145' title='bbox 607 2825 791 2923; x_wconf 73' lang='lat' dir='ltr'>Jugurrhae</span> <span class='ocrx_word' id='word_1_146' title='bbox 808 2822 948 2920; x_wconf 86' lang='lat' dir='ltr'>perditis</span> <span class='ocrx_word' id='word_1_147' title='bbox 965 2822 1085 2897; x_wconf 77' lang='lat' dir='ltr'>misce-</span> 
     </span>
     <span class='ocr_line' id='line_1_22' title="bbox 101 2942 1085 3043; baseline -0.002 -23"><span class='ocrx_word' id='word_1_148' title='bbox 101 2953 128 2990; x_wconf 87' lang='lat'>“</span> <span class='ocrx_word' id='word_1_149' title='bbox 145 2948 237 3020; x_wconf 88' lang='lat' dir='ltr'>ret.&#39;&#39;</span> <span class='ocrx_word' id='word_1_150' title='bbox 264 2947 326 3020; x_wconf 87' lang='lat' dir='ltr'>Ad</span> <span class='ocrx_word' id='word_1_151' title='bbox 342 2971 382 3022; x_wconf 87' lang='lat' dir='ltr'>ea</span> <span class='ocrx_word' id='word_1_152' title='bbox 399 2972 461 3020; x_wconf 86' lang='lat' dir='ltr'>rex</span> <span class='ocrx_word' id='word_1_153' title='bbox 477 2945 554 3020; x_wconf 84' lang='lat' dir='ltr'>satis</span> <span class='ocrx_word' id='word_1_154' title='bbox 572 2947 707 3043; x_wconf 84' lang='lat' dir='ltr'>placide</span> <span class='ocrx_word' id='word_1_155' title='bbox 725 2948 833 3018; x_wconf 83' lang='lat' dir='ltr'>verba</span> <span class='ocrx_word' id='word_1_156' title='bbox 851 2943 950 3018; x_wconf 85' lang='lat' dir='ltr'>facit:</span> <span class='ocrx_word' id='word_1_157' title='bbox 977 2951 1005 2986; x_wconf 92' lang='lat'><strong>“</strong></span> <span class='ocrx_word' id='word_1_158' title='bbox 1018 2942 1085 3022; x_wconf 84' lang='lat' dir='ltr'>sese</span> 
     </span>
     <span class='ocr_line' id='line_1_23' title="bbox 104 3065 1083 3166; baseline -0.004 -24"><span class='ocrx_word' id='word_1_159' title='bbox 104 3074 132 3110; x_wconf 77' lang='lat'>‘⁴</span> <span class='ocrx_word' id='word_1_160' title='bbox 151 3093 276 3164; x_wconf 79' lang='lat' dir='ltr'>pacem</span> <span class='ocrx_word' id='word_1_161' title='bbox 304 3093 445 3165; x_wconf 87' lang='lat' dir='ltr'>cupere,</span> <span class='ocrx_word' id='word_1_162' title='bbox 477 3065 535 3141; x_wconf 89' lang='lat' dir='ltr'>sed</span> <span class='ocrx_word' id='word_1_163' title='bbox 560 3069 746 3166; x_wconf 82' lang='lat' dir='ltr'>Jugurthae</span> <span class='ocrx_word' id='word_1_164' title='bbox 773 3065 993 3140; x_wconf 84' lang='lat' dir='ltr'>fortunarum</span> <span class='ocrx_word' id='word_1_165' title='bbox 1015 3066 1083 3140; x_wconf 82' lang='lat' dir='ltr'>nri-</span> 
     </span>
     <span class='ocr_line' id='line_1_24' title="bbox 101 3173 1085 3294; baseline -0.003 -32"><span class='ocrx_word' id='word_1_166' title='bbox 101 3193 126 3230; x_wconf 90' lang='lat'><strong>“</strong></span> <span class='ocrx_word' id='word_1_167' title='bbox 143 3187 258 3262; x_wconf 88' lang='lat' dir='ltr'>sercri.</span> <span class='ocrx_word' id='word_1_168' title='bbox 308 3188 343 3262; x_wconf 92' lang='lat' dir='ltr'>Si</span> <span class='ocrx_word' id='word_1_169' title='bbox 368 3189 491 3262; x_wconf 85' lang='lat' dir='ltr'>eadem</span> <span class='ocrx_word' id='word_1_170' title='bbox 519 3189 570 3264; x_wconf 93' lang='lat' dir='ltr'>illi</span> <span class='ocrx_word' id='word_1_171' title='bbox 598 3173 698 3294; x_wconf 81' lang='lat' dir='ltr'>copia</span> <span class='ocrx_word' id='word_1_172' title='bbox 721 3188 835 3280; x_wconf 87' lang='lat' dir='ltr'>fieret,</span> <span class='ocrx_word' id='word_1_173' title='bbox 860 3187 980 3262; x_wconf 84' lang='lat' dir='ltr'>omnia</span> <span class='ocrx_word' id='word_1_174' title='bbox 995 3213 1085 3260; x_wconf 84' lang='lat' dir='ltr'>con-</span> 
     </span>
     <span class='ocr_line' id='line_1_25' title="bbox 100 3308 1085 3407; baseline -0.003 -24"><span class='ocrx_word' id='word_1_175' title='bbox 100 3313 127 3352; x_wconf 89' lang='lat'><strong>“</strong></span> <span class='ocrx_word' id='word_1_176' title='bbox 143 3310 331 3384; x_wconf 82' lang='lat' dir='ltr'>ventura.”</span> <span class='ocrx_word' id='word_1_177' title='bbox 393 3308 528 3386; x_wconf 87' lang='lat' dir='ltr'>Rursus</span> <span class='ocrx_word' id='word_1_178' title='bbox 555 3309 742 3407; x_wconf 83' lang='lat' dir='ltr'>imperator</span> <span class='ocrx_word' id='word_1_179' title='bbox 765 3329 886 3386; x_wconf 79' lang='lat' dir='ltr'>contra</span> <span class='ocrx_word' id='word_1_180' title='bbox 916 3309 1085 3407; x_wconf 80' lang='lat' dir='ltr'>postulata</span> 
     </span>
     <span class='ocr_line' id='line_1_26' title="bbox 100 3429 1084 3529; baseline -0.004 -25"><span class='ocrx_word' id='word_1_181' title='bbox 100 3431 230 3506; x_wconf 88' lang='lat' dir='ltr'>Bocchi</span> <span class='ocrx_word' id='word_1_182' title='bbox 245 3431 393 3505; x_wconf 88' lang='lat' dir='ltr'>nuncios</span> <span class='ocrx_word' id='word_1_183' title='bbox 414 3431 534 3506; x_wconf 87' lang='lat' dir='ltr'>mittit.</span> <span class='ocrx_word' id='word_1_184' title='bbox 583 3433 648 3506; x_wconf 88' lang='lat' dir='ltr'>llle</span> <span class='ocrx_word' id='word_1_185' title='bbox 682 3433 842 3529; x_wconf 86' lang='lat' dir='ltr'>probare,</span> <span class='ocrx_word' id='word_1_186' title='bbox 868 3429 995 3527; x_wconf 86' lang='lat' dir='ltr'>partim</span> <span class='ocrx_word' id='word_1_187' title='bbox 1021 3429 1084 3500; x_wconf 79' lang='lat' dir='ltr'>ab·</span> 
     </span>
     <span class='ocr_line' id='line_1_27' title="bbox 99 3535 1145 3652; baseline -0.006 -27"><span class='ocrx_word' id='word_1_188' title='bbox 99 3575 215 3626; x_wconf 86' lang='lat' dir='ltr'>nuere.</span> <span class='ocrx_word' id='word_1_189' title='bbox 269 3555 326 3626; x_wconf 93' lang='lat' dir='ltr'>Eo</span> <span class='ocrx_word' id='word_1_190' title='bbox 344 3554 454 3628; x_wconf 88' lang='lat' dir='ltr'>modo</span> <span class='ocrx_word' id='word_1_191' title='bbox 470 3551 559 3650; x_wconf 87' lang='lat' dir='ltr'>saepc</span> <span class='ocrx_word' id='word_1_192' title='bbox 576 3556 621 3628; x_wconf 82' lang='lat' dir='ltr'>ab</span> <span class='ocrx_word' id='word_1_193' title='bbox 638 3575 789 3652; x_wconf 87' lang='lat' dir='ltr'>utroque</span> <span class='ocrx_word' id='word_1_194' title='bbox 807 3551 910 3625; x_wconf 88' lang='lat' dir='ltr'>miffis</span> <span class='ocrx_word' id='word_1_195' title='bbox 926 3546 1084 3622; x_wconf 79' lang='lat' dir='ltr'>remiffis.</span> <span class='ocrx_word' id='word_1_196' title='bbox 1140 3535 1145 3620; x_wconf 62' lang='lat'><em>]</em></span> 
     </span>
     <span class='ocr_line' id='line_1_28' title="bbox 100 3667 1084 3772; baseline -0.008 -26"><span class='ocrx_word' id='word_1_197' title='bbox 100 3695 169 3769; x_wconf 85' lang='lat' dir='ltr'>que</span> <span class='ocrx_word' id='word_1_198' title='bbox 185 3673 323 3748; x_wconf 86' lang='lat' dir='ltr'>nunciis</span> <span class='ocrx_word' id='word_1_199' title='bbox 340 3694 479 3772; x_wconf 87' lang='lat' dir='ltr'>tempus</span> <span class='ocrx_word' id='word_1_200' title='bbox 496 3673 699 3771; x_wconf 86' lang='lat' dir='ltr'>procedere,</span> <span class='ocrx_word' id='word_1_201' title='bbox 722 3677 770 3766; x_wconf 70' lang='grc' dir='ltr'>ἃ,</span> <span class='ocrx_word' id='word_1_202' title='bbox 794 3698 839 3748; x_wconf 83' lang='lat' dir='ltr'>ex</span> <span class='ocrx_word' id='word_1_203' title='bbox 865 3667 1004 3747; x_wconf 80' lang='lat' dir='ltr'>Metelli</span> <span class='ocrx_word' id='word_1_204' title='bbox 1021 3695 1084 3742; x_wconf 62' lang='lat' dir='ltr'>vo,</span> 
     </span>
     <span class='ocr_line' id='line_1_29' title="bbox 99 3789 951 3886; baseline 0.008 -23"><span class='ocrx_word' id='word_1_205' title='bbox 99 3789 245 3886; x_wconf 84' lang='lat' dir='ltr'>luntate,</span> <span class='ocrx_word' id='word_1_206' title='bbox 273 3793 408 3871; x_wconf 86' lang='lat' dir='ltr'>bellurn</span> <span class='ocrx_word' id='word_1_207' title='bbox 433 3795 602 3871; x_wconf 69' lang='lat' dir='ltr'>interdurn</span> <span class='ocrx_word' id='word_1_208' title='bbox 626 3793 726 3870; x_wconf 83' lang='lat' dir='ltr'>trahi.</span> <span class='ocrx_word' id='word_1_209' title='bbox 949 3805 951 3811; x_wconf 83' lang='lat'>&#39;</span> 
     </span>
    </p>
   </div>
   <div class='ocr_carea' id='block_1_3' title="bbox 0 0 1340 4686">
    <p class='ocr_par' dir='ltr' id='par_1_5' title="bbox 0 0 1340 4686">
     <span class='ocr_line' id='line_1_30' title="bbox 0 0 1340 4686; baseline 0 0"><span class='ocrx_word' id='word_1_210' title='bbox 0 0 1340 4686; x_wconf 95' lang='lat' dir='ltr'> </span> 
     </span>
    </p>
   </div>
  </div>
 </body>
</html>
