2672 4682
471 277 773 360 Cunnum
1080 315 1119 364 u

130 463 287 564 proinde
319 465 416 560 quasi
449 459 607 560 injun'am
633 461 760 554 facere,
792 464 829 538 id
863 467 1010 538 demum
1042 453 1124 540 effe't

131 584 287 682 imperio
311 583 374 655 uti.
531 601 537 606 ’

187 707 290 780 ΧΙΙΙ.
303 704 779 802 Nnuquideamemorem,
808 733 886 804 quae
903 705 964 780 nifi
980 705 1036 796 iis,
1063 708 1125 804 qui

135 826 270 935 videre,
298 825 431 898 nemini
449 825 627 900 credibilia
643 824 742 900 sunt:
769 853 790 900 a
806 827 948 924 privatis
961 827 1123 923 complu·

134 947 233 1021 ribus
241 944 424 1022 subversos
437 952 586 1034 montes',
605 946 713 1019 maria
723 946 919 1020 construcba
930 949 1010 1022 effe.
1033 947 1122 1046 Qi-
1163 993 1165 998 -

134 1071 202 1142 bus
216 1067 305 1140 mihi
321 1066 487 1140 videntur
505 1066 658 1140 ludibrio
675 1066 774 1140 fuisse
790 1067 921 1142 divitiae
937 1096 946 1140 :
974 1067 1121 1167 quippe,

135 1213 224 1286 quas
240 1189 387 1262 honeste
405 1190 531 1262 habere
554 1188 694 1278 licebat,
717 1187 817 1277 abuti
844 1213 907 1285 per
933 1180 1122 1286 turpitudi-

133 1335 219 1382 nem
237 1311 486 1406 properabant.
536 1309 605 1382 Sed
622 1307 746 1382 lubido
763 1308 885 1406 stupri,
923 1335 1045 1406 ganeae
1063 1335 1122 1386 ce-

133 1431 271 1528 terique
297 1416 414 1504 cultus
441 1457 513 1504 non
540 1429 657 1504 minor
683 1429 885 1502 incesserat:
920 1428 1022 1504 Viros
1049 1429 1122 1527 pati
1156 1415 1160 1434 ⁴

135 1539 339 1639 muliebria,
366 1550 530 1624 mulieres
554 1549 761 1647 pudicitiam
785 1551 822 1622 in
848 1552 1032 1647 propatulo
1058 1553 1122 1624 ha-

137 1675 242 1758 bere3
269 1670 440 1744 Vescendi
455 1673 569 1745 cauffa
585 1691 676 1744 terra
694 1669 851 1766 marique
867 1671 984 1744 omnia
998 1669 1122 1769 exqui-

137 1817 238 1879 rere3
268 1792 418 1866 dormire
444 1792 551 1890 prius,
583 1817 690 1890 quam
719 1788 832 1867 somni
856 1789 988 1887 cupido
1012 1794 1119 1878 effet3

135 1939 209 1987 non
227 1910 373 2004 famem,
398 1933 458 1986 aut
477 1913 565 1986 fitim
580 1942 590 1999 3
618 1937 733 2010 neque
750 1909 873 2009 frigus,
900 1935 1015 2009 neque
1033 1913 1120 1986 laffi-

134 2034 303 2108 tudinem
319 2033 481 2130 opperiri,
507 2031 566 2106 sed
591 2057 631 2108 ea
651 2031 772 2108 omnia
794 2032 883 2104 luxu
903 2052 1119 2130 antecapere.

137 2157 235 2230 Haec
246 2151 480 2252 juventutem,
507 2153 568 2228 ubi
591 2153 775 2228 familiares
796 2178 882 2258 opqs
909 2152 1119 2246 defecerant,

133 2277 183 2350 ad
206 2273 358 2348 facinora
382 2275 624 2350 incendebant.
675 2274 828 2348 Animus
847 2273 1121 2373 imbutusmulis

132 2395 268 2472 artibus
286 2398 382 2472 haud
399 2396 501 2472 facile
519 2395 734 2472 lubidinibus
752 2399 909 2484 carebat:
937 2421 980 2469 eo
999 2396 1119 2493 profu·

137 2523 201 2592 sius
218 2518 387 2594 omnibus
406 2518 521 2592 modis
540 2517 685 2616 quaestui
703 2537 810 2618 atque
827 2515 955 2592 sumtui
978 2518 1119 2594 deditus

136 2660 221 2714 erat.

183 2765 285 2838 XIV.
316 2765 362 2837 In
380 2781 475 2837 tanta
491 2781 635 2863 tumque
656 2779 821 2857 corrupta
838 2759 979 2834 civitate
996 2759 1117 2832 Catili-

136 2909 195 2974 na,
222 2883 273 2975 id,
302 2885 400 2982 quod
417 2881 512 2955 fastu
529 2880 736 2958 facillimum
754 2900 839 2972 erat,
866 2879 1028 2954 omnium
1056 2885 1118 2958 fla·

136 3005 305 3102 gitiorum
332 3024 440 3102 atque
466 3003 659 3078 facinorum
689 3002 822 3078 circum
851 3001 898 3094 se,
934 3023 1120 3103 tamquam
1229 3030 1231 3034 ·

134 3126 353 3224 stipatorum,
384 3145 537 3208 catervas
564 3125 727 3228 habebat.
776 3126 874 3198 Nam
902 3124 1120 3225 quicumque
1256 3105 1275 3128 s

135 3245 352 3344 impudicus,
379 3247 527 3336 adulter,
555 3271 667 3344 ganeo
679 3275 690 3332 ;
717 3271 837 3335 manu,
864 3267 1000 3336 ventre,
1030 3270 1120 3343 pene
1183 3327 1185 3334 Α

83 3448 86 3456 ,
138 3369 232 3440 bona
246 3366 360 3465 patria
370 3368 602 3453 laceraverat3
630 3365 764 3466 quique
781 3366 934 3447 alienum
950 3394 998 3440 aes
1016 3391 1118 3464 gran·

137 3487 183 3560 de
199 3491 425 3578 conflaverat,
463 3513 536 3585 quo
553 3486 741 3586 flagitium,
777 3507 837 3589 aut
864 3487 999 3562 facinus
1028 3485 1119 3559 redi·
1192 3522 1194 3527 s

139 3598 267 3695 meret3
301 3627 465 3705 praeterea
481 3633 603 3681 omnes
621 3607 778 3708 undique
796 3607 991 3705 parricidae‚
1019 3605 1119 3682 sacri·

139 3728 222 3836 legi,
249 3727 403 3809 convicii
424 3725 579 3830 judiciis,
605 3748 666 3804 aut
689 3755 752 3831 pro
769 3727 874 3822 fadis·
880 3725 1054 3829 judicium
1075 3727 1120 3807 ti„
