2672 4682
545 341 836 435 cerr-rire
1138 373 1161 454 3

169 505 336 600 oestumo,
376 506 543 608 quonlam
580 511 627 586 de
653 530 802 608 utraque
837 509 960 590 filetur.
1025 511 1160 588 Verum

173 631 270 706 enim
287 655 372 707 vero
388 629 418 708 ir
440 631 587 710 demum
611 631 699 708 mihi
723 630 843 712 vivere
867 650 971 730 utque
994 630 1062 706 frui
1086 635 1160 710 ani-

170 779 233 830 mo
247 753 402 845 videnrr,
421 752 482 850 qui
498 753 617 850 aliquo
638 752 784 852 negotio
810 751 975 842 intentus,
1000 755 1157 850 praeclari

168 872 351 963 facinoris,
370 895 429 950 aut
451 873 531 954 artis
560 876 664 954 boue
685 873 817 950 semem
839 871 976 972 quaerit.
1025 875 1093 948 Sed
1121 856 1165 950 'm

168 1021 305 1094 magna
321 995 423 1094 copia
445 1019 562 1073 rerum
578 995 673 1074 uliud
689 994 746 1070 alii
761 1015 883 1073 natura
899 994 962 1071 iter
979 993 1139 1082 ostendit.

221 1119 286 1192 III.
309 1107 537 1196 Purormuu
554 1116 603 1196 est
619 1119 709 1196 bene
725 1116 835 1193 facere
852 1114 1154 1212 reipublicae:·eti-

166 1265 232 1314 am
249 1241 339 1314 bene
355 1238 470 1316 dicere
485 1238 580 1315 baud
596 1237 785 1319 absurdum
802 1236 869 1310 est:
902 1237 959 1310 vel
976 1261 1075 1333 pace,
1098 1239 1155 1314 vel

167 1361 269 1434 bello
298 1360 431 1436 clarum
460 1358 535 1436 fieri
565 1359 669 1436 licet:
702 1363 735 1438 δι
766 1358 827 1456 qui
857 1357 982 1448 secere,
1028 1360 1062 1430 dr
1096 1359 1157 1457 qui

167 1480 264 1556 fasir
279 1481 428 1556 aliorum
445 1477 605 1578 scripsere
625 1479 728 1554 multi
749 1480 942 1556 laudantur.
993 1483 1049 1552 Ac
1067 1479 1156 1558 mihi

168 1602 333 1700 quidem,
357 1605 552 1680 tamenetsi
571 1600 859 1698 haudquaquam
880 1625 942 1696 par
968 1599 1079 1698 gloria
1104 1599 1154 1674 se·
1199 1610 1203 1628 ⁸

132 1821 137 1828 .
167 1742 299 1820 quatur
315 1719 518 1820 scriptorem
536 1727 570 1798 δι
589 1723 768 1797 auuorem
798 1744 941 1804 rerum3
971 1740 1089 1796 tamen
1117 1722 1154 1798 in

168 1843 296 1944 primis
328 1844 479 1920 arduum
507 1841 647 1937 videtur
671 1867 724 1918 res
752 1840 861 1940 gestas
884 1837 1054 1914 scribere:
1079 1843 1155 1938 ¹pri·

167 1991 275 2040 mum
292 1965 390 2062 quod
404 1961 495 2040 feda
510 1963 612 2038 diuis
638 1962 715 2038 sunt
742 1961 983 2060 exequenda:
1012 1961 1153 2054 dehinc,

167 2085 259 2185 quia
288 2084 453 2184 plerique,
493 2111 572 2183 quae
601 2083 727 2164 derina
754 2079 1029 2184 reprebenderu,
1054 2083 1154 2158 mali·

147 2203 331 2282 'volentia
352 2209 386 2283 δι
409 2205 541 2284 invidie
564 2225 710 2304 purant:
740 2205 803 2280 ubi
819 2205 865 2278 de
881 2229 1011 2303 magna
1028 2205 1153 2280 virtute

172 2333 210 2404 δε
238 2326 350 2426 glorio
377 2329 554 2406 bonorum
576 2350 760 2416 memores,
799 2344 882 2424 quae
918 2313 1154 2426 iniquisque
1188 2421 1191 2430 ¹

164 2448 285 2530 facilia
316 2445 412 2526 fretu
438 2467 550 2548 putat,
581 2473 684 2546 aequo
713 2445 833 2520 animo
866 2444 1018 2543 accipit3
1050 2445 1154 2546 supra

165 2597 223 2658 ea,
253 2568 363 2646 veluti
380 2571 475 2660 flua,
503 2595 569 2666 pro
594 2568 683 2646 falfis
709 2567 821 2656 ducit.
871 2568 940 2664 Sed
971 2593 1039 2666 ego
1067 2569 1153 2642 ado·

166 2691 389 2782 lescentulus,
415 2690 514 2767 initio
531 2689 625 2770 srcuti
643 2689 813 2786 plerique,
842 2685 957 2762 studio
987 2689 1033 2760 ad
1061 2713 1152 2762 rem-

169 2812 350 2910 publicam
372 2813 461 2888 latus
477 2811 568 2902 sum,
601 2809 723 2908 ibique
751 2807 839 2882 mihi
868 2805 1012 2880 advorsa
1040 2800 1153 2890 multo

166 2932 275 3011 fuere.
338 2935 436 3010 Nam
469 2959 532 3031 pro
560 2934 708 3030 pudore,
738 2955 804 3030 pro
834 2927 1053 3020 abstinentia,
1087 2957 1153 3028 pro

162 3039 322 3143 ¹virtute;
347 3053 504 3145 audacia,
524 3053 674 3152 largiti0,
693 3050 835 3126 avaritia
851 3049 1031 3149 vigebant.
1062 3055 1153 3150 Qrae

76 3178 79 3185 ’
165 3179 302 3251 tametfi
328 3176 465 3253 animus
494 3173 750 3273 aspernabatur,
785 3165 934 3250 insolens
980 3173 1152 3248 malarum

164 3296 320 3383 artium3
354 3317 473 3372 tamen
504 3297 593 3373 inter
625 3315 720 3370 tanta
757 3293 841 3368 viria
870 3293 1046 3368 imbecilla
1071 3313 1153 3366 aetas

165 3417 361 3492 ambitione
389 3437 551 3515 corrupta
578 3417 782 3492 tenebatur:
815 3441 957 3510 acme,
999 3439 1081 3489 cum
1106 3414 1151 3490 ab

167 3537 386 3637 reliquorum
427 3537 526 3616 malis
570 3537 729 3612 moribus
763 3535 992 3626 dissentirem,
1036 3532 1151 3606 nihilo

167 3658 305 3734 minus.
328 3660 470 3734 honoris
510 3659 653 3757 cupido,
699 3659 836 3748 eadem,
879 3683 958 3759 quae
1000 3673 1166 3746 ceteros,·

163 3778 260 3856 sama
288 3800 395 3884 atque
423 3779 555 3858 invidia
581 3781 742 3856 vexabat.

655 3901 683 3971 B
713 3924 733 3970 2
