2662 4686
252 383 320 452 140
399 381 401 392 ·
443 353 705 448 C.[Cn1srr
739 347 1067 457 Snannsrrrs

243 552 288 606 ne
305 553 390 602 mox
406 527 518 607 victos
534 524 747 625 virtoresque
762 521 907 604 defessos
937 523 1024 596 alius
1052 521 1224 620 adgrede-
1314 524 1318 567 ²

168 631 172 640 ⁸
242 669 349 739 retur,
369 675 430 746 per
445 641 598 726 inducias
610 645 827 744 sponsionem
844 641 989 734 faciunt,
1012 648 1040 686 “
1058 642 1109 720 uti
1126 663 1227 718 certo

244 777 272 814 “
291 769 463 867 dielegati
476 769 584 840 domo
601 763 913 864 proficiscerentur;
933 788 1005 862 quo
1022 761 1060 838 in
1072 765 1153 838 loco
1167 764 1225 838 in·
1320 777 1322 800 '¹

245 896 273 932 “
291 909 340 966 ter
356 887 388 962 se
405 886 501 962 obvii
519 884 669 976 suiffenr,
704 885 732 960 is
749 883 949 960 communis
965 882 1142 982 utriusque
1159 911 1227 982 po.
1321 923 1322 988 r

245 1016 272 1054 ‘⁶
292 1009 366 1107 puli
379 1007 456 1082 finis
473 1009 693 1080 haberetur.”
720 1006 831 1104 Igitur
842 1003 1055 1104 Carthagine
1067 1005 1139 1078 duo
1155 1005 1226 1080 sra-
1321 1001 1322 1004 '

242 1149 309 1202 tres
322 1127 422 1218 nriffi,
437 1127 563 1226 quibus
580 1153 710 1202 nomen
721 1125 885 1202 Philaenis
898 1145 985 1218 erat,
1004 1145 1224 1202 maturavere

242 1248 305 1325 iter
321 1273 492 1346 pergere:
518 1246 730 1344 Cyrenenses
755 1246 887 1322 tardius
916 1246 996 1320 iere.
1047 1246 1089 1319 ld
1111 1243 1224 1320 secor-

242 1367 359 1458 diane,
376 1394 421 1442 an
437 1365 515 1442 casu
532 1367 706 1457 acciderit,
728 1393 852 1464 parum
865 1365 1031 1466 cognovi.
1058 1369 1224 1442 Ceterum

241 1486 324 1568 solet
341 1486 378 1564 in
400 1487 468 1564 illis
491 1487 578 1561 locis
608 1487 795 1585 tempestas
811 1489 907 1562 hand
930 1486 1039 1578 secus,
1063 1507 1167 1586 arque
1186 1488 1224 1562 in
1323 1577 1324 1596 χ

243 1609 328 1690 mari
345 1608 501 1684 retinere.
550 1610 647 1682 Nam
663 1609 725 1682 ubi
743 1635 804 1706 per
821 1609 899 1682 loca
914 1608 1061 1707 aequalia
1074 1613 1108 1682 δι
1125 1610 1223 1686 nuda
1323 1599 1324 1634 ³

242 1728 464 1828 gignentium
480 1749 605 1804 ventus
628 1749 767 1803 coortus
795 1755 936 1806 arenam
953 1731 1064 1806 humo
1089 1728 1221 1804 excita·
1323 1741 1324 1744 ’

205 1922 212 1946 „
241 1849 306 1948 vit,
337 1873 377 1922 ea
394 1875 523 1947 magna
547 1848 584 1921 vi
612 1849 752 1947 agitata,
783 1875 842 1924 ota
865 1849 1052 1948 oculosque
1075 1849 1223 1946 implere

241 1967 349 2044 solet:
374 1969 422 2043 ita
444 1968 628 2066 prospestu
644 1969 830 2068 impedito,
850 1971 977 2046 morari
994 1970 1068 2044 iter.
1117 1971 1222 2044 Post.
1324 2031 1325 2042 ,

222 2117 349 2188 ¹quarn
364 2087 575 2185 Cyrenenses
598 2089 778 2188 aliquanto
796 2091 996 2188 posteriores
1020 2090 1054 2166 se
1082 2089 1221 2183 vident,
1324 2099 1325 2122 ¹

222 2213 341 2294 &ob
357 2234 430 2284 rem
443 2229 643 2306 corruptam
667 2209 766 2283 domi
795 2236 917 2306 poenas
944 2231 1125 2299 metuunt3
1151 2211 1219 2287 cri-

239 2330 375 2421 minari,
395 2329 690 2429 Carthaginienses
706 2350 786 2404 ante
802 2331 1067 2427 tempus.domo
1084 2332 1218 2432 digres-

239 2451 305 2542 sos,
319 2453 528 2526 conturbare
543 2475 618 2524 rem
632 2478 641 2522 ι
668 2450 820 2549 denique
831 2450 956 2524 ‘omnia
970 2452 1097 2544 malles
1108 2463 1218 2552 quarn
1325 2439 1326 2466 ³

240 2575 324 2650 vini
345 2573 451 2650 abire.
501 2573 568 2646 Sed
596 2599 680 2649 cum
703 2572 806 2673 Poeni
833 2571 937 2652 aliam
959 2572 1214 2666 conditionem,

208 2697 484 2805 xtantummodo
512 2719 665 2793 aquam,
696 2713 863 2792 peterent,
894 2694 1010 2768 Graeei
1033 2695 1214 2792 optionem

239 2815 573 2916 Carthaginienfium
594 2814 741 2906 faciunt,
784 2817 886 2892 “vel
912 2814 976 2906 illi,
1014 2841 1103 2914 qnos
1137 2817 1217 2890 finis

240 2946 267 2980 ‘⁴
287 2939 420 3034 populo
442 2937 503 3018 suo
530 2957 700 3042 peterent,
724 2934 775 3014 ibi
791 2935 865 3010 vivi
882 2937 1130 3024 obruerentur3
1157 2938 1215 3010 vel

240 3065 267 3100 “
286 3059 408 3134 eadem
425 3057 627 3141 conditione
650 3052 730 3148 sese,
749 3082 855 3155 quem
879 3059 1053 3132 inlocum
1069 3059 1214 3149 vellent,

239 3184 267 3220 “
287 3177 536 3274 processuros.''
554 3177 717 3268 Philaeni,
731 3178 932 3252 conditione
942 3181 1098 3276 probata,
1110 3177 1215 3276 seque·

235 3297 415 3394 vitamque
432 3295 629 3393 reipublicae
642 3299 897 3374 condonavere.
920 3303 976 3374 Ita
991 3299 1066 3372 vivi
1080 3299 1209 3378 obruti.

239 3415 537 3516 Carthaginienses
560 3417 596 3490 in
613 3443 656 3490 eo
673 3419 753 3491 loco
777 3419 941 3493 Philaenis
962 3418 1123 3494 fratribus
1139 3441 1215 3504 aras

238 3537 650 3641 eonsecravere;aliique
673 3538 739 3614 illis
763 3541 862 3625 domi
884 3542 1033 3620 honores
1057 3540 1214 3626 institutit

239 3661 348 3748 Nunc
374 3660 419 3734 ad
442 3685 527 3734 rem·
540 3659 654 3742 redeo,
