2668 4698
143 372 311 448 Consta
330 374 499 463 Luctun
517 375 697 474 Sanmuu
715 373 972 448 Cattttnnnr.
1009 399 1077 476 317

107 552 160 626 vis
182 553 309 627 veneni
328 579 394 657 ¹per
412 580 517 627 omne
535 581 661 653 corpus
677 553 787 627 Urbis
804 554 1080 629 demanaturum.

7 687 8 690 ’
106 677 216 774 Qtod
241 675 362 765 scelus,
398 649 459 748 aut
484 701 590 772 quarn
619 675 750 772 pestem
776 678 799 746 fi
828 672 1080 754 vindicandum

106 799 172 869 effe
201 795 394 886 censebitis,
439 815 478 868 ut
508 822 596 886 reor,
639 801 672 868 ὅτ
703 793 857 889 Respub.
899 794 1079 884 desiderat,

107 935 226 1014 putate
260 916 414 1014 profesio
442 919 537 988 Deos
565 916 790 1004 immortales,
831 919 863 987 ὅτ
898 915 934 988 in
963 913 1082 1011 primis

108 1037 351 1134 Capitolinum
382 1016 510 1132 Jovem
537 1035 1001 1132 sempiternumcustodem,
1039 1061 1081 1109 ac

110 1156 290 1234 vindicem
308 1155 408 1255 hujus
425 1155 573 1261 imperii,
601 1182 664 1252 pro
682 1155 833 1228 liberatis
855 1181 974 1228 eorum
992 1176 1081 1230 tem·

106 1277 171 1374 plis
194 1303 235 1350 ac
258 1275 473 1366 ceremoniis,
506 1258 758 1374 gratias'vobis
780 1276 999 1372 amplissimas
1015 1279 1082 1350 else

106 1399 324 1490 reddituros:
354 1417 473 1495 putate
497 1397 618 1494 pariter
640 1396 733 1468 idem
750 1395 917 1468 {asturam
933 1399 1000 1468 else
1018 1424 1080 1470 cu·

106 1518 193 1590 riam
212 1545 275 1615 pro
292 1517 429 1591 defensa
445 1515 627 1591 ¹consulum
649 1516 732 1609 vita,
761 1517 961 1613 servataque
977 1519 1081 1590 Sena-

106 1638 188 1711 torii
205 1638 334 1713 ordinis
353 1637 546 1736 dignitate:
574 1639 689 1734 putate
717 1657 887 1712 matronas
904 1637 1014 1711 Urbis
1040 1667 1081 1714 ac

105 1757 234 1833 liberos
247 1759 393 1849 nostros,
419 1761 467 1831 ob
485 1757 652 1832 servatam
671 1757 885 1855 pudicitiam,
913 1756 1083 1854 supplices

7 1911 8 1932 i
107 1905 148 1952 ac
164 1880 445 1976 congratulantes
473 1877 647 1951 universos
675 1879 720 1950 ad
746 1904 860 1975 genua
883 1876 991 1951 vestra
1019 1876 1084 1951 sese-

108 2001 350 2074 obversaturos
377 1997 476 2074 sore:
516 2019 632 2096 putate
661 1997 815 2103 virgines
837 1998 1002 2087 Vestales,
1030 2021 1082 2072 at-

7 2189 8 2196 ,
108 2145 179 2218 que
222 2117 331 2216 ipsam
371 2117 581 2216 majestatem
611 2119 809 2215 amplissimi
848 2118 1001 2192 numinis
1035 2119 1114 2193 ob¹

107 2238 351 2326 liberationem
375 2238 483 2329 suam,
516 2238 650 2314 summa
666 2239 767 2314 vobis
795 2239 914 2313 laetitia
935 2267 1082 2346 congra-

106 2361 320 2450 tulaturam:
359 2381 477 2456 putate
502 2360 652 2457 denique
677 2361 768 2432 cives
797 2378 931 2450 omnes,
962 2363 1084 2434 obre-

7 2479 9 2486 '
106 2501 240 2556 tentam
257 2479 379 2570 vitam,
405 2507 447 2554 ac
472 2480 668 2554 libertatem
683 2479 803 2566 suam3
835 2502 975 2578 penates
994 2485 1087 2578 pub-¹

109 2601 196 2678 lieos
231 2627 296 2697 pro
322 2598 541 2698 conservatis¹
556 2599 656 2690 focis,
694 2620 799 2696 atque
826 2601 905 2689 aris,
944 2601 1086 2696 pan‘etes
1133 2664 1142 2690 „

108 2721 220 2794 Urbis
249 2746 312 2818 pro
339 2719 537 2816 propulsato
558 2719 737 2794 teterrimo
761 2745 886 2816 genere
904 2719 1084 2812 vastitatis,

109 2841 222 2918 ferme
238 2839 432 2914 incredibili
455 2841 584 2939 gaudio
601 2841 814 2914 exultaturos
832 2868 840 2912 :
876 2855 994 2944 putate
1010 2861 1086 2914 tan-

110 2963 195 3035 dem
212 2960 382 3034 hodierno
401 2951 535 3057 judicio
553 2981 710 3057 paratum
731 2962 797 3033 elle
814 2960 912 3036 vobis
938 2981 997 3036 aut
1020 2963 1087 3036 im-

108 3081 256 3157 mortale
283 3081 448 3170 dedecus,
488 3101 546 3158 aut
575 3062 780 3159 memoriam
814 3080 966 3156 nominis
998 3083 1086 3158 sem„
1130 3109 1132 3114 ·

7 3281 8 3290 χ
111 3201 298 3298 pitetnam.
384 3200 408 3248 ⁸

163 3321 355 3396 XXXVII.
381 3321 499 3393 Multa
511 3321 589 3395 sunt
603 3323 766 3422 equidem
778 3325 815 3397 in
826 3327 891 3398 hac
905 3328 989 3416 vita,
1007 3353 1086 3424 quae
1148 3392 1150 3401 .

110 3439 275 3537 turpiter,
321 3466 361 3513 ac
391 3441 585 3516 calamitose
625 3447 806 3544 neglesia,
840 3444 1089 3518 restitutionem

110 3583 230 3636 tamen
251 3562 517 3661 quodammodo
537 3564 729 3660 patiantur:
758 3565 859 3663 hujus
875 3587 958 3638 vero
972 3564 1087 3638 vindi-

111 3681 216 3756 candi
233 3659 365 3758 sceleris
382 3686 404 3754 sr
423 3683 624 3780 praesentem
641 3684 840 3760 facultatem
854 3686 1087 3784 neglexeritis,
1173 3723 1177 3732 ¹

111 3801 236 3882 frustra
281 3801 399 3898 postea
443 3783 688 3902 recuperanda
733 3805 872 3904 copiam
917 3805 1088 3903 qn‘aeretis.
