2662 4686
419 345 762 436 Juonrrnm
1038 373 1080 451 m

8 569 11 586 .
90 519 156 596 est.
182 517 254 592 Sed
271 519 451 615 Jugurtha
468 520 625 617 primurn
642 520 890 593 tantummodo
907 520 989 593 belli
1007 547 1083 594 mo·
1194 491 1200 498 Ι

8 659 9 668 ’
91 666 170 714 ram
189 637 403 730 redimebat,
438 641 664 731 existumans,
689 640 757 714 sese
786 640 920 738 aliquid
943 641 1084 714 interim

95 763 229 835 Romae
249 761 373 857 preti0,
398 781 457 833 aut
477 763 586 860 gratia
602 764 839 835 effecturum:
869 760 989 857 postea
1023 787 1084 832 ve·
1186 839 1189 844 .

94 907 134 954 ro
151 906 265 979 quarn
284 880 488 978 participem
519 883 652 980 negotii
680 885 845 956 Scaurum
865 887 1083 977 acceperat}

93 1003 129 1074 in
143 1027 363 1075 maxumam
391 1001 487 1100 spem
518 1005 689 1076 adductus
707 1003 952 1100 recuperanda
976 1003 1084 1099 pacis,

95 1125 217 1198 statuit
253 1149 336 1196 curn
364 1123 411 1196 eis
438 1126 483 1197 de
509 1125 673 1198 omnibus
700 1123 917 1222 pastionibus
941 1122 1087 1220 praelens

93 1273 214 1346 agere.
266 1247 433 1318 Ceterum
457 1245 599 1334 interea,
626 1245 708 1318 fidei
734 1247 859 1334 catulla,
889 1243 1038 1316 mittitur
1066 1269 1087 1316 a

8 1365 9 1456 ῗ
94 1365 254 1440 Consule
280 1365 418 1438 Sextius
446 1366 608 1464 Qrael'tor
637 1365 672 1438 in
702 1366 875 1463 oppidum
899 1353 1083 1464 Juguithae
1123 1458 1125 1465 y

8 1477 9 1498 ³
94 1491 264 1586 Vagam:
297 1485 395 1584 cujus
418 1486 466 1559 rei
489 1485 618 1583 species
636 1509 708 1561 erat
727 1485 882 1582 acceptio
899 1485 1082 1575 frumenti,

96 1611 197 1708 quod
215 1609 428 1704 Calpurnius
446 1603 561 1705 palam
579 1607 699 1705 legatis
714 1607 943 1702 imperaverat
961 1635 968 1677 :
995 1600 1093 1704 quo?

96 1727 399 1808 niamdeditionis
419 1753 516 1800 mora
533 1727 683 1802 induciae
703 1727 931 1825 agitabantur.
973 1727 1085 1822 Igitur
1126 1724 1134 1748 “

95 1877 175 1939 rex,
202 1850 255 1922 uti
281 1833 514 1938 constituerat,
541 1849 577 1920 in
603 1849 709 1922 castra
732 1847 851 1920 venit:
890 1873 930 1919 ac
960 1872 1082 1946 pauca,

97 1963 259 2069 praesenti
288 1970 443 2060 confilio,
470 1971 607 2042 locutus
636 1970 681 2040 de
703 1967 835 2040 invidia
859 1966 953 2058 facti,
980 1989 1086 2066 atque

96 2091 135 2168 in
154 2090 373 2164 deditionem
398 2091 448 2164 uti
477 2089 712 2188 acciperetur3
741 2090 980 2188 reliquarum
1006 2087 1083 2161 Bes,
1179 2127 1185 2141 ·

96 2211 147 2285 tia
166 2212 344 2284 &Scauro
376 2210 502 2285 secreta
526 2211 710 2309 tranfigit:
745 2211 827 2286 dein
854 2211 990 2308 postero
1009 2209 1081 2298 die,
1121 2188 1122 2194 ἵ

97 2337 197 2433 quast
215 2359 276 2430 per
293 2332 440 2406 laturam
454 2332 628 2430 exquisrtis
644 2331 833 2422 sententiis,
854 2331 890 2403 in
907 2329 1083 2403 dedition-
1195 2368 1200 2394 ¹.

96 2481 154 2528 em
167 2453 352 2550 accipitur.
372 2455 454 2543 Sed,
473 2454 524 2527 uti
538 2480 600 2551 pro
613 2453 753 2526 eonfilio
770 2453 993 2550 imperatum,
1014 2431 1093 2522 ele-¹

97 2563 223 2672 pbanti
240 2574 397 2673 triginta,
413 2601 517 2672 pecus
535 2594 641 2671 atque
658 2573 740 2672 equi
763 2573 878 2661 multi,
899 2599 981 2644 cum
1005 2597 1084 2666 par-

97 2721 144 2768 vo
175 2695 312 2793 argenti
329 2697 485 2792 pondere
502 2695 674 2792 Qtaeston'
691 2694 883 2766 traduntur.
935 2691 1082 2784 Calpur-

99 2815 177 2890 nius
193 2819 351 2890 Romam
375 2817 420 2889 ad
448 2816 670 2914 magistratus
695 2813 871 2911 rogandos
895 2809 1083 2908 proficisci-

99 2955 164 3008 tur.
216 2938 260 3010 In
284 2937 513 3040 Numidia&
537 2935 694 3012 exercitu
722 2934 838 3009 nostro
872 2957 943 3030 pax
975 2931 1083 3032 agita-

100 3057 210 3131 batur.
890 3040 894 3044 ⁶

144 3181 270 3252 XXX.
297 3183 519 3268 PoerrAM
538 3205 589 3252 res
608 3179 651 3251 in'
663 3176 782 3250 Africa
801 3177 924 3284 gestas,
941 3201 1085 3274 quoque

8 3399 9 3402 Ἴ
103 3305 210 3378 modo
240 3303 326 3376 actae
355 3301 469 3376 forent
497 3299 591 3374 fama
608 3297 841 3398 'divolgavit;
869 3303 998 3375 Rornae
1023 3321 1083 3392 per
1189 3301 1192 3311 '

102 3408 212 3516 omnis
240 3425 339 3497 locos
365 3427 398 3496 ἃ
424 3407 616 3495 conventus
641 3422 685 3494 de
705 3419 798 3496 fado
828 3418 986 3492 Consulis
1009 3415 1084 3513 agi-

102 3547 185 3625 tari:
218 3545 317 3642 apud
345 3544 486 3641 plebem
515 3542 627 3642 gravis
655 3539 809 3626 invidia;
845 3541 976 3626 Patres,
1004 3561 1084 3632 pro-

102 3670 267 3744 barentne
288 3684 425 3737 tantum
451 3663 639 3761 flagitium,
658 3687 703 3732 an
726 3662 906 3732 decretum
925 3653 1083 3728 Consulis

100 3787 352 3882 subverterent,
371 3811 493 3884 parum
510 3781 701 3863 constabat.
753 3786 809 3854 Ac
833 3803 1000 3880 maxume
1023 3803 1082 3858 eor
