2662 4686
253 346 320 422 106
383 354 422 428 J
478 344 1082 426 C.Cn1sr⁵18narusrrr

247 517 408 594 nobilitas
425 519 547 611 noxia,
563 497 670 618 atque
699 545 743 596 eo
770 520 938 618 perculsa,
972 519 1084 594 modo
1101 543 1163 618 per
1178 519 1237 594 so·

246 640 319 716 cios
351 667 391 714 ac
421 667 550 715 nomen
579 640 762 730 Latinum,
792 641 969 716 interdum
998 666 1061 738 per
1099 639 1236 738 equites
1324 647 1325 714 l

245 765 444 854 Romanos,
460 789 549 860 quos
566 760 640 862 spes
657 760 827 838 societatis
853 789 874 836 a
901 763 1005 860 plebe
1020 761 1234 852 dimoverat,
1324 783 1325 848 ξ

244 887 464 959 Graecorum
498 883 693 958 aelionibus
721 883 866 958 obviarn
896 883 1005 958 ierat:
1049 887 1082 958 δι
1118 883 1234 980 primo

245 1006 452 1095 Tiberium,
481 1004 563 1078 dein
593 1031 721 1103 paucos
745 1005 824 1103 post
848 1030 957 1078 annos
973 1005 1099 1080 eadem
1115 1002 1234 1102 ingre·
1324 1003 1325 1040 ³

198 1190 201 1204 r
243 1127 401 1202 dientem
421 1124 566 1240 (Cajum,
588 1126 792 1232 Tribunurn
806 1128 970 1215 alterum,
989 1125 1138 1206 alterum
1151 1125 1235 1198 Tri·
1324 1151 1325 1178 t

169 1297 173 1316 .
244 1249 426 1322 umvirum
459 1247 605 1348 coloniis
638 1247 868 1338 deducendb,
902 1273 984 1324 curn
1011 1249 1077 1326 M.
1103 1247 1235 1326 Fulvio

245 1371 375 1444 Flacco
398 1367 490 1443 ferro
506 1387 724 1442 necaverant.
777 1371 825 1442 Et
848 1365 926 1442 sane
947 1367 1105 1458 Graccis,
1134 1369 1234 1466 cupi·

244 1490 327 1564 dine
345 1489 514 1582 victoria,
550 1491 644 1564 haud
676 1488 755 1564 satis
785 1491 983 1564 moderatus
999 1487 1137 1564 animus
1153 1489 1233 1572 fuit.

244 1613 312 1686 Sed
343 1615 439 1686 bono
468 1611 563 1686 vinci
581 1610 681 1685 satius
711 1611 774 1701 est,
801 1637 908 1708 quatn
937 1612 1031 1682 malo
1054 1635 1153 1686 more
1173 1611 1230 1684 in-

239 1729 368 1833 juriam
385 1733 539 1807 vincere.
571 1726 574 1740 ’
588 1732 701 1830 Igitur
718 1757 758 1806 ea
774 1711 918 1804 victoria
934 1730 1098 1808 nobilitas
1116 1759 1160 1806 ex
1178 1735 1235 1806 lu-

244 1854 365 1928 bidine
393 1853 451 1927 sua
479 1852 551 1944 usa,
581 1855 712 1928 multos
738 1853 895 1928 mortalis
923 1851 1027 1944 ferro,
1060 1874 1119 1928 aut
1146 1853 1236 1954 fuga

246 1975 432 2062 exstinxit3
464 1974 611 2072 plusque
632 1975 669 2048 in
686 1975 860 2074 reliquum
879 1975 945 2051 fibi
956 1973 1102 2075 timoris,
1121 2001 1235 2073 quam
1324 1999 1325 2064 t

244 2095 424 2195 potentia,
457 2095 604 2168 addidit.
655 2099 745 2193 Qae
771 2122 823 2168 res
852 2098 1060 2194 plerumque
1085 2122 1233 2195 magnas

244 2215 393 2291 civitatis
416 2217 550 2312 peffum
567 2215 665 2288 dedit
682 2243 691 2287 ε
726 2215 814 2290 dum
831 2215 929 2288 alteri
946 2216 1068 2295 alteros
1087 2217 1229 2292 vincere

229 2335 370 2434 'quovis
398 2337 532 2422 mod03
564 2339 598 2408 bc
625 2335 736 2408 vidos
759 2321 916 2412 acerbius
945 2334 1064 2413 ulcisci
1087 2340 1228 2415 volunt.
1324 2325 1325 2392 l

243 2459 312 2532 Sed
328 2458 373 2530 de
390 2455 510 2530 studiis
533 2455 685 2554 partium
711 2461 744 2529 ὅτ
775 2455 940 2529 omnibus
969 2455 1117 2533 civitatis
1151 2487 1229 2534 mo·
1324 2445 1325 2538 l

242 2578 338 2652 ribus
370 2581 392 2650 sr
424 2576 638 2676 fingulatim‚
662 2596 721 2651 aut
748 2604 811 2676 pro
836 2578 1080 2677 magnitudine
1109 2607 1229 2679 parem

242 2697 416 2790 differeie,
448 2720 602 2796 tempus,
634 2723 745 2798 quarn¹
775 2725 840 2790 res,
883 2699 1049 2776 maturius
1088 2700 1230 2778 deserat.

241 2825 484 2920 Qamobrem
502 2823 547 2896 ad
564 2820 746 2918 inceptum
766 2823 882 2915 reden.

297 2943 434 3017 XLIII.
460 2945 556 3022 Post
593 2943 680 3017 Auli
717 2942 834 3017 foedus
860 2941 1101 3042 exercitusque
1118 2941 1228 3019 nostri
1324 2893 1325 2962 ᾖ

242 3059 377 3135 foedam
395 3061 533 3160 fugam,
560 3069 618 3163 Q
636 3067 806 3138 Metellus
836 3069 869 3138 bc
895 3068 952 3138 M.
977 3065 1110 3138 Silanus
1133 3065 1233 3138 Cona

241 3182 328 3257 sules
355 3183 524 3281 designati
551 3184 786 3286 [provincias]
822 3186 912 3259 inter
935 3184 968 3259 se
995 3204 1228 3283 paraverunt:

241 3304 462 3401 Metelloque
472 3303 644 3380 Numidia
656 3327 832 3398 evenerat,
852 3306 923 3380 acri
941 3307 1033 3397 vir0,
1053 3312 1086 3379 az
1102 3333 1229 3404 quam·
1263 3355 1266 3366 s

242 3451 350 3522 quarn
368 3423 516 3502 advorso
536 3425 658 3522 populi
676 3411 842 3522 parthini,
861 3426 955 3505 fama
971 3447 1089 3506 tamen
1107 3453 1229 3524 aequa-

241 3547 304 3622 bili
340 3551 373 3620 &
409 3545 585 3626 inviolata,
642 3548 674 3619 Is
702 3546 764 3623 ubi
794 3547 949 3644 primum
984 3547 1228 3647 magistratum¹

240 3665 408 3764 ingreffus
433 3666 494 3756 est,
528 3666 594 3739 alia
618 3667 738 3740 omnia
753 3668 821 3762 'fibi
844 3675 927 3744 curn
956 3671 1093 3768 collega
1117 3692 1227 3760 ratus,

197 3829 200 3852 ι
239 3787 284 3867 ad
303 3788 450 3882 bellurn,
482 3789 579 3898 quod
597 3788 753 3891 gesturus
770 3808 856 3881 erat,
888 3787 1046 3866 animum
1062 3790 1226 3872 intendit.
1324 3831 1325 3888 3
