2664 4692
232 319 589 398 Pirenam.
647 321 867 400 L1u.111.
1014 271 1083 428 ao3

104 488 158 572 ob
171 514 281 597 remp.
299 497 374 592 fuso
391 500 576 600 sanguine?
604 501 705 576 fellus
721 501 923 590 scribund0,
942 501 1085 576 mittun⁴

102 621 228 716 doque
246 621 391 718 legatos,
425 648 546 694 omnes
563 649 647 721 opes
671 629 704 696 sc
733 623 807 720 spes
826 621 976 718 privatas
994 649 1084 696 meas

104 739 302 813 consumfi:
328 757 409 815 cum
427 742 562 816 interim
581 769 601 817 a
617 744 797 840 vobisper
815 741 1004 816 triennium
1023 741 1085 814 vix

105 885 243 932 annuus
272 860 403 934 sumtus
427 865 529 936 datus
552 864 610 936 est.
660 859 727 936 Per
749 865 833 936 deos
859 863 1084 952 immortales,
1166 843 1169 848 ⁵

102 999 231 1054 utrum
242 979 384 1056 censetis
402 1007 457 1056 me
482 983 598 1057 vicem
623 981 732 1056 aerarii
762 983 929 1079 praestare,
955 1010 999 1056 an
1021 1008 1082 1056 ex-

103 1100 251 1176 ercitum
282 1107 349 1176 sme
376 1095 551 1178 frumento
571 1107 604 1176 tc
623 1104 794 1201 stipendio
810 1107 935 1177 habere
959 1105 1079 1200 polle?

103 1221 270 1320 equidem
288 1222 398 1296 fateor
415 1244 472 1298 me
499 1226 545 1298 ad
571 1227 639 1298 hoc·
657 1223 935 1322 bellum'majore
951 1223 1080 1314 studio,

104 1363 213 1441 quam
249 1344 404 1434 confilio,
442 1345 663 1442 profedum:
699 1345 830 1443 quippe
854 1345 914 1443 qui
938 1343 1081 1417 nomine

102 1465 213 1536 modo
230 1457 369 1562 imperii
386 1492 406 1538 a
423 1466 524 1540 vobis
541 1485 698 1567 accepto,
715 1466 841 1540 diebus
853 1465 1082 1564 quadraginta
1099 1494 1101 1497 ·

101 1585 296 1658 exercitum
315 1587 460 1684 paravi,
480 1585 654 1685 hostisque
671 1587 706 1659 in
722 1587 912 1660 cervicibus
923 1583 1079 1684 jamlta·

101 1705 157 1778 liae
185 1727 325 1806 agentes
354 1711 400 1780 ab
430 1709 581 1807 Alpibus
605 1708 639 1780 in
663 1706 874 1805 Hispaniam
892 1705 1077 1781 summovi.

98 1829 166 1900 Per
183 1813 237 1902 eas
255 1828 451 1920 iter'aliud,
482 1825 587 1928 atque
606 1830 802 1919 Hannibal,
827 1828 926 1902 nobis
950 1854 1078 1926 oppor-
1135 1815 1142 1840 '
1189 1877 1192 1886 ·

98 1947 218 2022 tunius
236 1949 392 2046 patefeci.
444 1951 579 2048 Recepi
592 1951 756 2040 Galliam,
770 1953 990 2046 Pyrenaeum,
1004 1953 1077 2023 La-

97 2068 279 2159 letaniam,
303 2071 493 2170 Indigetis:
523 2077 556 2144 &
574 2071 727 2169 primum
743 2071 914 2168 impetum
932 2070 1075 2146 Sertorii

97 2188 257 2279 victoris,
282 2190 380 2266 novis
409 2191 591 2282 militibus,
628 2199 673 2266 &1
697 2193 808 2268 multo
841 2191 1074 2289 paucioribm,

93 2307 263 2383 sustinui:
292 2312 515 2410 hiememque
543 2312 580 2384 in
605 2312 720 2386 castris
741 2311 830 2385 inter
862 2303 1084 2386 saev'iffumos'

6 2421 8 2468 t
94 2431 222 2522 hostes}
249 2457 320 2504 non
343 2459 405 2530 per
421 2419 567 2530 oppida,
585 2459 699 2531 neque
712 2459 757 2506 ex
773 2433 965 2507 ambitione
979 2461 1071 2526 mea,

95 2553 163 2650 egi.
215 2554 313 2652 Qid
342 2554 424 2628 dein
451 2555 580 2652 praelia,
609 2575 668 2626 aut
692 2553 929 2650 expeditiones
956 2554 1074 2628 hiber-

96 2699 170 2764 nas,
192 2674 325 2771 oppida
342 2674 469 2765 excisa,
484 2695 543 2748 aut
560 2693 700 2770 recepta
711 2677 936 2771 enumerem?
964 2698 1074 2770 quan·
1187 2773 1189 2779 Ι

96 2797 143 2869 do
170 2821 226 2870 res
254 2799 332 2895 plus
361 2797 466 2887 valet,
497 2823 604 2894 quam
621 2797 736 2868 verba.
787 2792 905 2864 Castra
920 2789 1075 2865 hostium

96 2917 193 3013 apud
226 2917 415 2990 Sucronem
432 2938 557 3012 capta,
590 2922 623 2990 ὅτ
656 2913 812 3012 praelium
831 2914 925 3007 apud
943 2915 1075 2986 flumen
1138 2949 1174 3010 g

96 3027 273 3129 Durium,¹
285 3028 324 3110 δι’
336 3039 411 3110 dux
429 3036 576 3110 hostium
594 3037 635 3108 C.
650 3032 852 3109 Herennius
882 3059 964 3106 cum
988 3037 1076 3108 urbe

6 3209 8 3258 t
97 3158 257 3231 Valentia
283 3150 317 3230 di
343 3152 498 3230 citercitu
514 3156 632 3246 deleti,
651 3154 727 3227 satis
745 3156 836 3227 clara
854 3155 954 3228 vobis
971 3153 1072 3228 sunt:

6 3279 7 3282 ’
98 3303 160 3374 pro
177 3277 269 3376 quis,
305 3305 328 3352 0
344 3278 433 3376 grati
450 3298 577 3374 patres,
596 3275 779 3374 egestatem
799 3277 832 3346 bc
851 3273 980 3348 famam
997 3276 1074 3346 red-

6 3379 7 3396 *
98 3398 188 3470 ditis.
241 3401 364 3497 ltaque
381 3425 460 3471 meo
495 3401 528 3470 &
558 3397 710 3470 hostium
728 3395 893 3469 exercitui
911 3419 972 3490 par
989 3398 1089 3465 con-'

6 3611 7 3618 ἵ
98 3515 182 3590 ditio
200 3513 262 3591 est.
313 3521 479 3616 Namque
495 3517 706 3615 stipendium
724 3515 838 3589 neutri
855 3516 974 3586 datur:
1001 3512 1073 3584 vic-

6 3631 7 3676 3
96 3657 151 3710 tor
167 3659 316 3736 uterque
344 3639 381 3712 in
413 3639 551 3712 ltaliam
569 3639 687 3710 venire
705 3636 830 3733 potest.
880 3632 988 3730 Qud
1005 3658 1073 3729 ego

96 3785 156 3837 vos
173 3785 321 3852 mone0,
336 3758 521 3859 quaesoque
538 3780 577 3833 ut
595 3753 898 3839 animadvortatis;
923 3779 998 3826 neu
1013 3778 1073 3827 co-
