2668 4698
200 343 271 417 286
360 339 505 414 Poncrr
530 338 743 412 Lnrrtours
768 339 1069 414 Dacrnmnrro·

199 541 279 590 rum
311 509 437 588 artium
464 515 680 588 floruerunt:
720 509 904 588 nobiscum
933 533 1020 586 vcro
1052 510 1187 588 senten·

199 634 248 710 tia
264 633 381 708 nostra
402 635 492 708 bene
521 653 691 732 ageretur,
718 636 868 709 simodo
896 655 1036 708 tantum
1057 638 1187 710 abelse-

200 783 279 834 mus
318 759 365 830 ab
397 755 456 830 illa
484 753 654 828 modestia
681 773 886 852 temporum
924 745 1032 854 atrjue
1072 753 1187 830 homi·
1238 818 1240 827 ,

117 879 139 907 ”
199 905 302 969 utrm,
329 903 395 952 nec
413 875 650 950 incidiffemus
668 876 704 950 in
721 876 949 950 atrociffimos
973 877 1080 976 Reip.
1099 881 1187 952 fluc-

201 1019 319 1074 tusae
344 997 574 1072 miserandam
601 1015 804 1096 temporum
833 997 1080 1072 calamitatem.
1131 999 1188 1071 M.

202 1119 375 1218 liquidem
400 1119 542 1210 Catoni,
569 1139 630 1194 aut
655 1119 810 1217 Scipioni
832 1139 1011 1192 coaetaneo
1032 1117 1094 1192 suo
1112 1143 1189 1192 mo·

203 1241 381 1316 numentis
412 1239 671 1315 immortalibus
697 1232 799 1337 hujus
814 1239 940 1330 Urbis,
969 1244 1003 1312 δι
1031 1242 1101 1312 fine
1122 1240 1188 1312 du·
1316 1257 1317 1296 l

202 1363 264 1437 bio
288 1361 477 1436 clariffimis
503 1361 696 1436 luminibus
724 1348 926 1458 temporum
952 1359 1108 1450 suorum,
1146 1361 1190 1434 de

202 1483 365 1582 Legibus
392 1481 584 1557 dicendum
612 1503 699 1574 erat,
728 1483 774 1556 de
802 1482 966 1556 institutis
999 1480 1188 1580 majorum,

202 1607 250 1684 de
283 1603 395 1704 gloria
416 1595 569 1696 militari,
600 1598 752 1704 persaepe
779 1605 825 1677 de
847 1603 1024 1692 laudibus,
1053 1628 1095 1676 ac
1119 1602 1193 1676 vic·
1316 1665 1317 1680 r

203 1725 325 1812 toriis;
352 1727 455 1800 nobis
483 1751 582 1819 vero,
612 1726 674 1824 qui
698 1725 905 1800 devenimus
931 1724 965 1796 in
995 1725 1192 1801 hanctru*

204 1851 383 1924 culentam
400 1871 604 1948 tempomm
620 1847 876 1937 conditionem,
901 1844 1033 1920 sublata
1049 1845 1097 1918 est
1115 1871 1192 1918 om·

203 1971 258 2044 nis
290 1970 400 2070 gratia
429 1970 585 2060 dicendi,
612 1968 962 2068 atqueinterceptus
992 1968 1091 2038 locus
1115 1991 1193 2038 om·

205 2091 274 2182 nis,
302 2111 363 2166 aut
390 2089 628 2189 jucundissimi
659 2085 839 2181 sermonis,
877 2107 938 2163 aut
964 2085 1196 2162 concilianda

205 2212 461 2288 benevolentia
481 2212 671 2312 popularis.
893 2198 896 2214 ’
1316 2253 1317 2344 p

253 2335 318 2406 111.
344 2335 442 2406 Nam
460 2334 630 2432 siquando
648 2357 720 2406 vox
739 2331 854 2406 nostra
871 2335 939 2406 five
960 2359 981 2406 a
1014 2328 1104 2421 foro,
1125 2333 1195 2404 five
1316 2349 1317 2358 ¹

204 2477 226 2528 a
247 2453 341 2528 curia
364 2454 590 2544 desideratur,
610 2454 805 2527 dicendum
822 2453 870 2527 est
894 2473 1065 2552 perpetuo
1091 2451 1193 2526 nobis

204 2594 264 2650 aut
291 2576 337 2648 de
363 2573 544 2649 teterrimis
573 2569 676 2673 hujus
705 2575 825 2674 patriae
844 2575 1111 2662 calamitatibus,
1134 2589 1196 2646 aut

206 2701 252 2772 de
280 2697 415 2772 nefariis
433 2698 710 2796 oppreffionibus
728 2697 876 2787 civium,
895 2715 955 2770 aut
972 2697 1019 2770 de
1048 2695 1192 2794 perditae'
1222 2732 1227 2750 ι

199 2818 394 2918 juventutis
411 2847 506 2899 nunc
534 2819 755 2918 impudicitia
771 2795 953 2918 flagitiosa,
972 2843 1067 2891 nunc
1090 2815 1195 2914 igna-

207 2943 265 3016 via
290 2943 464 3042 singulari.
515 2947 634 3040 Quare
663 2941 810 3040 pestium
834 2959 964 3039 quanta
991 2935 1115 3010 indies
1143 2961 1198 3010 rc-
1316 3023 1317 3030 ἵ

207 3055 379 3138 dundatio
403 3065 465 3154 est,
486 3088 550 3137 vos
565 3064 641 3136 estis
667 3061 864 3136 testimonio
874 3057 1027 3158 judices,
1043 3081 1197 3156 quorum
1218 3149 1221 3182 l
1316 3031 1317 3104 l

195 3211 307 3291 'aures
319 3187 498 3264 caluemnt
511 3185 703 3258 affiduitate
715 3207 804 3281 pene
833 3181 1050 3280 quotidiana,
1079 3179 1197 3277 copia-

208 3329 278 3406 que
293 3304 491 3380 incredibili
507 3294 666 3378 civ'ilium
685 3308 1009 3405 controversiarum.
1028 3301 1198 3386 Diximus

209 3429 375 3529 equidem
396 3425 515 3526 paucis
531 3445 610 3500 ante
635 3426 774 3516 diebus,
801 3445 842 3500 ut
865 3429 974 3523 probe
1001 3423 1198 3498 meminiffe
1227 3431 1234 3448 ”
1316 3491 1317 3498 ,

209 3549 362 3649 potestis,
389 3549 434 3623 de
446 3551 498 3622 ·L.
527 3547 729 3622 Glabrionis
762 3547 980 3633 immanitate
1004 3565 1111 3644 atque
1140 3557 1199 3618 au-

156 3723 159 3734 ·
208 3671 308 3745 dacia
333 3669 543 3744 -furiosrffimi
576 3668 745 3760 hominis,
773 3674 807 3742 ilc
838 3672 907 3742 fine
930 3667 1041 3742 dubio
1058 3667 1195 3740 'crude-

210 3791 348 3866 liffimi:
378 3789 482 3890 cujus
506 3790 544 3867 in
582 3791 712 3865 Senatu
751 3794 818 3864 srca
847 3789 958 3888 pridie
984 3784 1198 3886 deprehensa
