2664 4692
320 361 367 433 lM
392 361 450 435 M.
475 360 602 438 Tura.
627 359 885 434 CrcanoueM.
940 377 942 386 ’
1019 363 1089 461 265

110 536 343 611 memorando
360 539 578 634 exprobras;
606 560 751 634 neque
747 533 829 608 licet
846 531 1002 609 oblivisci
1023 535 1091 608 ser·
1170 621 1175 630 ⁴

110 655 233 728 vitutis
262 656 342 730 fuae.
394 657 531 756 Egeris,
558 682 621 730 oro
648 676 696 746 te,
728 654 866 744 Cicer0,
893 651 1089 751 perfeceris,

110 778 211 874 quod
231 775 338 850 libet:
366 777 441 850 fatis
470 778 518 850 est
542 779 713 874 perpellos
731 777 821 848 effe:
849 773 1001 850 etiamne
1029 799 1090 856 au-

109 921 162 968 res
175 895 309 969 nostros
332 897 416 970 odio
432 917 493 970 tuo
509 897 666 970 onerabis
683 899 694 969 ?
722 895 872 970 etiamne
888 893 1092 968 molestillu.
1196 917 1202 924 “

110 1018 178 1091 mis
195 1017 311 1092 verbis
329 1012 561 1093 insectabere?
594 1018 711 1090 Cedant
728 1038 818 1088 arina
834 1014 922 1112 tigae,
947 1017 1091 1087 concedat

111 1138 223 1210 lazarea
251 1141 378 1240 lingue.
428 1143 533 1237 Qrasr
570 1164 652 1211 vero
679 1157 832 1236 togatus,
860 1142 894 1210 δι
928 1161 1000 1208 non
1039 1161 1093 1207 ar-

108 1278 240 1348 matus,
280 1285 333 1348 ea,
373 1287 451 1356 quae
478 1259 648 1358 gloriaris,
675 1257 879 1348 confeceris,
905 1277 1011 1355 atque
1038 1256 1092 1329 in·

107 1397 161 1452 ter
178 1397 226 1467 te,
254 1381 456 1476 Syllamque
473 1380 696 1470 dictatorem,
725 1399 850 1476 praeter
869 1404 999 1452 nomen
1025 1378 1092 1456 im

108 1497 213 1596 perii,
242 1498 438 1596 quidquam
452 1497 660 1578 interfuerit.
707 1499 775 1572 Sed
802 1498 889 1596 quid
906 1524 975 1598 ego
994 1502 1094 1614 plura

107 1621 155 1694 de
171 1639 231 1694 tua
254 1617 433 1694 insolentia
460 1605 775 1694 commemorem?
765 1644 900 1716 quem
927 1619 1094 1693 Minerva
1150 1703 1157 1716 „

107 1766 235 1814 omnes
252 1760 339 1814 artes
358 1741 512 1830 edocuit,
539 1719 678 1838 Jupiter
706 1760 874 1837 optumus
903 1721 1127 1812 maxumus⁸
1173 1833 1178 1848 ἱ

107 1859 147 1934 in
165 1859 313 1934 concilio
335 1862 481 1934 deorum
505 1861 653 1950 admisrr,
680 1861 779 1934 Italia
796 1859 951 1934 exsulem
968 1861 1093 1932 burne·¹
1163 1937 1166 1944 ι

108 1979 156 2054 ris
173 1979 239 2056 suis
256 1981 454 2078 reportavit.
504 1984 580 2054 Oro
597 2000 645 2070 te,
666 1980 822 2054 Romule
841 1978 1005 2076 ArpinaS,
1032 1981 1094 2077 qui
1120 2078 1126 2087 Ι

108 2101 253 2200 egregia
268 2124 328 2174 tua
344 2102 469 2175 virtute
486 2127 609 2175 omnes
633 2101 787 2191 Paullos,
814 2099 955 2190 Fabios,
982 2099 1093 2198 Scipi-

107 2247 210 2312 ones,
236 2220 410 2320 superasti,
438 2248 545 2321 quem
563 2223 705 2296 tandem
723 2223 842 2295 locum
859 2220 896 2294 in
914 2221 980 2294 hac
1004 2219 1093 2293 civi,

106 2362 181 2416 tate
197 2343 358 2418 obtines?
387 2343 541 2441 quatibi
556 2365 670 2440 partes
688 2341 773 2440 reip.
794 2344 955 2440 placent?
984 2369 1094 2440 quern
1137 2435 1142 2444 Ι

106 2465 280 2553 amicum,
309 2490 415 2561 quem
432 2463 618 2538 inimicum
642 2465 775 2538 habes?
804 2463 862 2537 cui
891 2463 928 2536 in
954 2463 1092 2537 civitate

107 2583 218 2658 fecisti
248 2584 397 2676 infidias,
432 2584 628 2658 ancillaris:
674 2589 776 2682 (Qo
795 2582 888 2682 jure,
928 2609 1011 2657 cum
1047 2584 1093 2656 de

107 2705 230 2780 exfilio
279 2725 341 2778 tuo
385 2705 583 2801 Dyrrachio
621 2703 753 2793 redisti,
800 2729 884 2776 eum
926 2701 1091 2800 sequeba-

106 2826 154 2900 ris
171 2828 207 2920 ?)
249 2852 336 2924 quos
365 2845 530 2922 tyrannos
547 2827 759 2924 appellabas,
786 2848 909 2896 eorum
928 2821 1093 2919 potentiae

107 2947 228 3021 faves:
258 2946 320 3044 qui
342 2946 406 3022 tibi
438 2967 518 3020 ante
547 2945 733 3043 optimates
766 2944 990 3036 videbantur,
1019 2944 1091 3018 eof-

108 3069 193 3142 dem
205 3069 387 3140 dementes
405 3095 445 3140 ac
461 3062 608 3144 furiosos
627 3093 741 3140 vocas.
784 3066 920 3138 Vatinii
938 3068 1093 3142 cauffam

110 3189 213 3287 agis:
242 3190 287 3261 de
312 3187 432 3260 Sextio
452 3190 542 3262 male
574 3187 778 3288 existumas:
806 3187 973 3262 Bibulum
992 3208 1092 3284 petu-

108 3307 315 3393 lantiffumis
345 3308 461 3382 verbis
477 3307 573 3383 laedis
590 3337 598 3380 :
628 3309 746 3382 laudas
762 3309 956 3383 Caefarem:
985 3333 1093 3405 quern

109 3413 280 3504 maxume
310 3427 427 3518 odisti,
466 3429 498 3502 ei
534 3455 703 3502 maxume
736 3428 956 3527 obsequeris:
997 3428 1093 3503 aliud

107 3551 213 3640 stans,
241 3549 336 3622 aliud
354 3547 488 3640 sedens,
514 3551 560 3622 de
578 3575 649 3647 rep.
675 3549 800 3623 sentis:
827 3548 881 3622 his
898 3548 1091 3639 maledicis,

108 3671 187 3746 illos
214 3669 336 3744 odisti:
365 3670 547 3745 levilsume
574 3668 772 3767 transfuga!
801 3695 916 3771 neque
945 3669 981 3744 in
1011 3672 1091 3772 hac,

107 3817 226 3902 neque
249 3790 284 3876 in
304 3790 363 3880 illa
380 3811 478 3895 parte
501 3792 610 3884 fidem
628 3792 745 3875 habes,
