2662 4686
222 325 290 379 rao
343 281 345 286 ⁵
404 275 1027 388 ιΟᾸΕῑιιεινιὸΑιιιπςτιι

220 499 299 549 cem
316 473 429 578 regni,
464 472 608 548 nomine
634 473 800 560 Zamam,
824 467 941 566 statuit
967 468 1202 565 obpugnare:
1322 485 1323 554 i

221 617 313 669 ratus
342 595 395 686 id,
431 596 529 694 quod
559 593 743 692 negotium
774 587 950 688 poscebat,
987 589 1206 686 Jugffiham

220 717 456 790 laborantibus
480 715 547 788 suis
564 713 697 788 auxilio
714 731 917 800 venturum,
943 707 1065 806 ibique
1090 709 1203 807 praeli-
1322 727 1323 738 ³

219 862 283 910 urn
310 835 395 910 fore.
447 841 498 910 At
522 836 600 938 ille,
632 861 713 933 quae
745 834 972 930 parabantur,
1003 828 1206 930 aperfugis
1322 857 1323 894 ³

220 958 379 1049 aduitus,
405 956 543 1056 magnis
572 955 755 1029 itineribus
785 952 976 1027 Metellum
999 951 1203 1038 antevenit3

220 1057 415 1175 oppidanos
428 1079 596 1168 hortatur,
611 1075 744 1150 moenia
755 1071 960 1164 defendam,
978 1070 1104 1146 additis
1116 1097 1204 1146 aux·
1322 1059 1323 1066 ἵ

220 1197 281 1270 ilio
309 1197 465 1296 perfugis
477 1227 488 1284 ;
517 1199 616 1296 quod
645 1221 755 1296 genus
783 1220 829 1268 ex
845 1185 964 1291 'copiis
989 1189 1096 1291 regis,
1121 1192 1205 1290 quia

220 1317 339 1394 fallere
364 1318 570 1417 nequibant,
597 1317 856 1392 firmissumum.
906 1316 1078 1388 Praeterea
1100 1313 1203 1412 polli-

222 1457 331 1529 cetur,
373 1439 409 1512 in
449 1459 609 1537 tempore
638 1437 746 1512 semet
778 1462 861 1511 cum
889 1434 1043 1508 exercitu
1061 1433 1204 1546 adfore.
1322 1469 1323 1518 ;

220 1559 275 1630 Ita
293 1559 491 1656 compositis
508 1561 624 1650 rebus,
658 1557 794 1632 inloca
819 1583 928 1655 quam
950 1581 1118 1630 maxume
1142 1584 1204 1632 oc·
1322 1549 1323 1552 ¹

222 1680 316 1754 culta
341 1678 501 1771 discedit,
527 1706 568 1754 ac
589 1679 667 1777 post
690 1679 808 1778 paullo
832 1665 1027 1776 cognoscit,
1044 1677 1205 1752 Marium

221 1825 267 1879 ex
293 1800 413 1874 itinere
439 1799 690 1874 frumentatum
721 1826 804 1873 cum
842 1796 963 1896 paucis
1000 1797 1204 1872 cohortibus
1322 1837 1323 1872 r

220 1920 358 1998 Siccam
373 1921 536 2030 missum:
562 1923 660 2018 quod
673 1920 847 2019 oppidum
864 1918 1020 2018 primum
1042 1918 1207 1994 omnium
1223 1926 1226 1932 ’

221 2043 300 2140 post
317 2043 447 2116 malam
465 2067 622 2139 pugnam
640 2043 685 2114 ab
707 2066 791 2138 rege
808 2039 993 2115 defecerat.
1044 2041 1099 2116 Eo
1119 2042 1206 2113 c'um
1322 2071 1323 2076 ¹

105 2188 112 2204 ²
220 2161 354 2240 dilectis
377 2159 552 2257 equitibus
570 2163 676 2232 noctu
700 2159 828 2258 pergit,
856 2158 977 2255 &jam
994 2159 1205 2260 egredienti·

219 2284 285 2358 bus
298 2279 469 2354 Romanis
481 2280 518 2352 in
536 2299 635 2377 porta
649 2265 809 2378 pugnam
820 2279 929 2376 facit:
955 2282 1055 2354 simul
1074 2307 1207 2381 magna

221 2425 310 2474 voce
336 2397 506 2476 Siccenfes
531 2401 703 2491 bortatur,
735 2399 831 2475 “uti
866 2399 1017 2474 cohortis
1040 2403 1085 2474 ab
1104 2421 1208 2501 tergo

223 2530 250 2568 “
269 2519 569 2600 circumveniant:
625 2519 802 2618 fortunam
843 2520 999 2620 praeclari
1044 2519 1206 2598 facinoris

223 2650 251 2686 “
270 2640 387 2718 casum
404 2624 487 2716 dare
501 2671 512 2728 ;
544 2645 566 2714 st
583 2640 620 2714 id
632 2639 789 2733 fecerint,
812 2641 930 2740 postea
944 2638 1011 2715 sese
1027 2641 1065 2714 in
1078 2668 1204 2742 regnu,

119 2837 125 2854 ,
196 2860 198 2864 ¹
222 2772 250 2808 “
268 2765 347 2842 illos
362 2763 398 2838 in
415 2761 576 2840 libertate
591 2767 659 2841 sine
677 2783 775 2836 metu
792 2781 932 2836 aetatem
950 2765 1122 2838 acturos?
1148 2769 1206 2838 Ac

222 2886 259 2964 ui
276 2885 412 2962 Marius
425 2888 521 2983 figna
537 2883 663 2958 inferre
687 2905 793 2983 atque
810 2885 960 2959 evadere
977 2883 1109 2984 oppido
1125 2911 1205 2982 pro·
1322 2945 1323 2966 ,

165 3025 166 3033 ¹
220 3005 417 3102 peravifl'et,
446 3003 604 3101 profefto
629 3006 760 3097 cuncti,
786 3025 845 3088 aut
869 3033 1000 3107 magna
1025 3023 1101 3104 pars
1131 3006 1204 3080 Sic-

204 3126 502 3206 .uens1untfidem
521 3127 753 3205 mutaviffent.
794 3128 911 3201 Tanta
927 3127 1121 3226 mobilitate
1136 3125 1204 3200 sese
1322 3221 1323 3230 ἵ

222 3244 394 3330 Numida
428 3263 547 3344 agunt.
598 3247 666 3320 Sed
688 3247 816 3322 milites
838 3248 1041 3349 Jugurthini
1067 3245 1204 3345 paullis-
1322 3337 1323 3362 χ

224 3393 286 3466 per
304 3367 350 3440 ab
368 3390 449 3464 rege
468 3364 654 3458 sustentati,
681 3367 867 3465 postquam
880 3367 1010 3467 majore
1032 3366 1069 3440 vi
1089 3365 1205 3442 hostes

222 3505 387 3586 urguent,
416 3484 535 3582 paucis
560 3485 700 3577 amiffis,
728 3488 867 3586 profugi
891 3487 1084 3568 discedunt.

273 3609 581 3680 LVll.MAn1us
606 3607 650 3679 ad
679 3609 828 3682 Zamam
853 3609 1021 3706 pervenit.
1071 3609 1114 3681 Id
1139 3635 1204 3706 opq

100 3700 102 3708 Ι
151 3761 155 3770 ·
224 3728 350 3842 pidum
371 3728 407 3826 in
431 3753 557 3827 campo
582 3729 696 3831 fuum,
727 3729 841 3828 magis
859 3755 986 3829 opere,
1011 3756 1118 3830 quana
1142 3755 1202 3808 aas
