2672 4682
482 117 487 162 l

470 321 773 410 Cunarum
1037 313 1118 441 '37
1172 359 1176 380 ¹

178 501 317 584 XLVI.
345 511 503 607 ernus
521 512 621 584 rebus
638 507 805 582 confectis
833 507 953 582 omnia
976 535 1120 610 propere

122 652 194 730 per
222 630 375 705 nuncios
404 629 546 703 Consuli
575 632 804 704 declarantur.
856 635 907 703 At
935 612 1035 704 illum
1064 631 1117 706 in·

129 778 216 851 gens
241 779 327 826 cura
345 771 452 849 atque
469 751 587 824 laetitia
617 754 717 824 simul
743 777 971 849 occupavere.
1021 755 1119 827 Nam

124 875 325 963 laetabatur,
357 869 598 969 conjuratione
616 871 800 970 patefacta,
831 853 1009 946 civitatem
1026 873 1118 970 peri-

123 994 215 1068 culis
243 1014 404 1090 ereptam
438 995 530 1066 effe:
567 1020 673 1091 porro
690 1013 805 1068 autem
822 993 947 1067 anxius
964 1015 1048 1084 erat,
1081 993 1119 1066 in
1154 1037 1164 1050 =

122 1111 301 1188 maxumo
330 1113 454 1188 scelere
470 1114 574 1188 tantis'
600 1115 738 1190 civibus
768 1116 1002 1213 deprehensis,
1032 1115 1120 1218 quid

123 1236 220 1310 fado
240 1263 329 1334 opus
348 1265 360 1323 3
396 1259 544 1334 poenam
561 1236 702 1310 illorum
721 1236 782 1310 fibi
798 1236 911 1328 oneri,
929 1235 1118 1333 impunita·

125 1377 203 1432 tem
222 1358 416 1454 perdundae
442 1356 641 1454 reipublicae
667 1358 842 1430 credebat.
892 1356 1005 1455 Igitur
1033 1384 1118 1431 con·
1151 1408 1155 1420 ·

126 1481 270 1552 firmato
303 1479 424 1552 animo
456 1477 574 1551 vocari
607 1471 652 1551 ad
679 1473 746 1551 sese
770 1476 873 1575 jubet
906 1480 1116 1569 Lentulum,

127 1600 347 1700 Cethegum,
381 1598 570 1688 Statilium,
601 1598 808 1688 Gabinium,
834 1599 919 1672 item
959 1601 1016 1698 Q
1032 1601 1116 1672 Coe·
1230 1611 1232 1617 '

127 1721 269 1818 parium
287 1721 481 1820 quemdam
498 1716 799 1809 Terracinensem,
814 1714 875 1817 dui
893 1720 929 1792 in
947 1719 1118 1816 Apuliam

126 1843 177 1914 ad
194 1841 401 1915 concitanda
429 1839 564 1914 servitia
594 1837 764 1937 proficisci
792 1842 946 1937 parabat.
1001 1839 1118 1912 Ceteri

128 1965 199 2036 fine
221 1987 322 2035 mora
343 1961 511 2034 veniunt:
541 1960 723 2057 Cosparius
752 1961 872 2057 paullo
901 1979 979 2032 ante
1004 1960 1115 2032 domo

128 2084 301 2180 egreffus,
333 2082 479 2182 cognito
495 2080 642 2172 indicio,
666 2081 732 2180 [ex
757 2063 872 2180 urbe]
901 2080 1116 2180 profugerat.

128 2199 260 2274 Consul
288 2202 496 2296 Lentulum,
528 2205 626 2302 quod
648 2223 777 2300 praetor
803 2223 889 2294 erat,
920 2201 990 2300 ipse
1007 2227 1115 2276 manu

81 2307 85 2316 .
127 2341 249 2396 tenens
264 2323 446 2420 perducit3
472 2305 623 2424 reliquos
641 2352 723 2399 cum
741 2324 941 2400 custodibus
953 2323 989 2396 in
1002 2325 1116 2396 aedem

129 2444 340 2518 Concordiae
369 2445 486 2520 venire
508 2444 622 2545 jubet.
675 2451 730 2521 Eo
759 2449 923 2522 Senatum
947 2446 1113 2534 advocat,
1167 2445 1172 2460 '

121 2591 331 2665 ¹magnaque
368 2565 561 2666 frequentia
592 2567 665 2667 ejus
709 2567 853 2658 ordinis,
891 2563 1115 2640 Volturcium

128 2712 212 2759 cum
229 2687 354 2786 legatis
383 2688 594 2763 introducit:
624 2690 793 2762 Flaccum
820 2691 1008 2760 Praetorem
1034 2684 1115 2758 scri-
1144 2667 1152 2688 ’

130 2807 229 2882 nium
246 2835 330 2882 cum
348 2808 481 2901 litteris,
515 2801 601 2909 quas
634 2835 654 2882 a
683 2807 805 2907 legatis
834 2825 1026 2902 acceperat,
1052 2831 1112 2879 eo-

128 2930 211 3004 dem
228 2929 364 3004 adferre
374 2927 488 3028 jubet.

193 3053 349 3125 XLVII.
390 3054 651 3125 Vorruncrus
677 3052 909 3149 interrogatus
935 3050 1022 3124 “de
1055 3049 1112 3124 iti·
1145 3048 1154 3054 ”

127 3177 155 3214 “
171 3187 286 3264 nere,
306 3173 351 3246 de
385 3169 520 3264 litteris,
547 3173 721 3270 postremo
752 3167 851 3272 quid,
879 3191 937 3246 aut
966 3199 1036 3271 qua
1067 3172 1113 3244 de

127 3298 155 3334 “
173 3294 290 3366 cauffa
320 3293 452 3366 confilii
476 3293 645 3368 habuiffet
659 3296 699 3367 ?''
736 3294 851 3391 primo
874 3295 1005 3392 fingere
1031 3291 1110 3379 alia,

126 3413 339 3487 diffimulare
356 3415 401 3486 de
418 3412 679 3512 conjuratione3
705 3415 781 3512 post
793 3414 854 3487 ubi
877 3415 948 3486 fide
972 3411 1113 3509 publica

128 3533 242 3608 dicere
257 3532 369 3654 julius
395 3535 458 3625 est,
482 3535 613 3626 omnia,
648 3534 700 3606 uti
727 3533 819 3632 gesta
838 3553 949 3624 erant,
979 3531 1108 3628 aperit:
1223 3568 1226 3572 ·

128 3653 295 3754 “paucis
315 3676 396 3729 ante
419 3645 544 3730 diebus
570 3681 590 3728 a
609 3654 764 3728 Gabinio
788 3659 821 3728 δι
846 3653 1009 3750 Coepario
1025 3652 1110 3727 soci-

129 3780 156 3818 “
176 3803 238 3852 um
266 3775 448 3870 adscitum,
476 3777 563 3852 nihil
590 3777 742 3874 amplius
768 3774 865 3865 scire,
887 3801 995 3874 quam
1014 3775 1109 3872 lega·-

364 3893 367 3898 ,
594 3897 669 3991 D3
1077 3899 1081 3904 ,
