2664 4692
253 371 254 377 ¹
307 349 660 422 Ferentani.
710 350 930 444 ΙΛΗΙ.ἱ
1011 369 1100 450 '231

124 522 286 594 locorum
304 522 455 620 egestate
470 541 571 620 rapto
600 501 717 596 virere
742 523 866 598 coam.
917 522 1022 616 qufae
1036 523 1103 616 Ju-

48 655 50 660 '
123 644 256 722 venalis.

172 767 293 860 Atque
318 761 388 860 ipse
413 765 527 838 cultus
552 763 611 836 rei.
663 765 777 836 Acron.

172 882 321 980 Triplici
346 885 466 957 fluctu.
519 886 649 956 Servius
666 885 835 956 Fuldanus.

172 1002 353 1099 Charybdi
379 1021 471 1076 mare
497 1002 717 1076 vorticosum.
769 1004 866 1076 Idem.

172 1123 241 1196 Sed
256 1123 320 1197 ubi
337 1145 495 1220 tempore
511 1124 592 1197 anni
606 1151 701 1198 mare
718 1127 875 1198 classibus
893 1124 1104 1222 patefaciam

125 1243 186 1317 est.
237 1245 334 1316 idem.
820 1343 823 1348 Ι

173 1367 261 1438 Sane
290 1367 404 1439 bonus
433 1393 472 1440 ea
499 1365 701 1466 tempestate
727 1386 850 1442 contra
884 1367 1036 1465 pericula
1069 1371 1104 1440 &

127 1484 366 1558 ambitionem.
417 1487 516 1562 Idem.

173 1604 285 1678 Simul
301 1605 464 1680 immanis
480 1608 665 1682 hominum
693 1609 746 1682 vis
777 1636 820 1682 ex
850 1609 935 1682 locis
954 1608 1104 1686 invasere

126 1745 294 1823 patentes,
314 1751 395 1799 cum
415 1732 448 1800 &
468 1728 561 1824 pacis
579 1731 687 1802 modo
704 1728 837 1802 effusas.
890 1729 987 1800 Idem.

154 1850 298 1920 rGenua
323 1867 468 1944 patrum(
486 1849 732 1922 advolvuntur.
784 1850 888 1921 Idemt

173 1969 360 2041 Perrexere
385 1967 420 2038 in
446 1966 654 2064 Hispaniam
681 1969 944 2044 &Sardiniam
980 1969 1078 2040 Idem.

176 2090 267 2185 Qae
297 2087 449 2184 mapalia
464 2086 542 2160 sunt
559 2086 777 2186 circumjecta
809 2089 954 2180 civitati,
983 2088 1103 2164 subur·
1157 2115 1164 2126 ·

127 2210 219 2283 bana
235 2207 393 2282 aedificia.
445 2210 543 2279 idem.

177 2331 226 2402 Er
249 2354 354 2402 onere
379 2328 526 2402 turrium
551 2328 688 2421 incertis
713 2325 871 2406 navibus.
921 2333 1019 2406 Idem.

173 2449 341 2522 Traditur
357 2447 480 2548 fugam
496 2449 534 2522 in
552 2450 747 2548 longinqua
763 2453 894 2526 Oceani
911 2452 1103 2550 agitavisse.

127 2569 223 2644 idem.
430 2559 431 2562 ¹

70 2744 73 2752 Δ
174 2692 236 2765 Ad
254 2692 464 2766 mutandum
482 2675 591 2768 modo
609 2689 645 2762 in
662 2688 784 2762 melius
802 2687 989 2768 servitium.
1027 2694 1106 2768 Ser.

127 2813 200 2886 vius
215 2815 308 2887 adr.
326 2814 489 2885 AEneidos.
550 2834 557 2850 ·

174 2937 314 3032 Magna
342 2933 393 3006 vis
420 2933 605 3009 hominum
635 2949 844 3008 convenerat
875 2930 968 3030 agris,
1009 2933 1105 3032 pulsa

126 3075 185 3132 aut
202 3055 339 3128 civitate
356 3051 472 3150 ejecta.
523 3054 608 3124 Idem
637 3055 713 3130 ibid.

175 3176 269 3247 Cum
287 3187 426 3246 murum
443 3166 826 3263 hostium-succesfiffet,
851 3199 974 3272 poenas
998 3177 1103 3250 dede-

127 3313 190 3368 rat.
243 3294 328 3366 Idem
345 3297 389 3370 ad
402 3293 547 3390 Eclogerm
565 3298 714 3391 quintam.

174 3413 320 3511 Quippe
332 3413 424 3488 vasta
437 3413 534 3490 ltalia
545 3413 686 3511 rapinis,
702 3413 798 3511 fuga,
812 3415 977 3491 caedibu52
1005 3415 1103 3486 Idem.

176 3534 231 3606 Hi
243 3509 322 3607 'sunt
340 3533 399 3631 qui
416 3532 607 3614 secundum
626 3535 751 3631 pocula
768 3539 801 3606 &
818 3535 899 3613 alias
921 3560 972 3606 res
988 3559 1105 3608 aureas

128 3651 194 3725 diis
245 3653 376 3733 sacrata
416 3653 641 3746 instrumenta
686 3653 851 3732 convivio
895 3673 1105 3740 mereamim

130 3773 148 3814 *
158 3772 243 3846 Idem
257 3775 301 3846 ad
315 3797 423 3850 v111.
442 3775 605 3852 AEneidosr

586 3897 668 3992 Q
