2664 4692
232 397 303 447 212
499 365 990 445 SnnnusrrrHrsr.

232 547 443 648 predatores
471 547 644 624 Valeriam
672 543 854 646 scorpione
879 545 917 620 in
944 543 1053 622 castra
1083 547 1214 624 misere.

233 669 366 746 illarius.

49 1019 1212 1179 -FRAGMENTA

560 1329 597 1405 L
645 1331 751 1404 I'B.
825 1331 889 1404 IV.

373 1569 1077 1654 HISTORIARUM.

120 1949 121 1954 ,
214 1803 339 1961 *Ar
381 1885 450 1960 Cn.
479 1885 655 1958 Lentulus
705 1881 858 1982 patricie
899 1881 1025 1983 gentis,
1079 1882 1218 1981 collega

229 2002 318 2106 ejus,
344 2005 402 2078 cui
429 1987 710 2105 cognomentum
731 2003 909 2078 Clodiano
934 1999 1014 2092 suit,
1040 2003 1215 2098 perincer-

228 2145 305 2202 tum
321 2125 490 2216 stolidior,
517 2151 563 2201 an
575 2111 709 2217 vanior,
727 2128 846 2224 legem
860 2125 906 2198 de
918 2120 1080 2221 pecunia,
1107 2151 1215 2222 quam

228 2245 322 2320 Sulla
338 2246 527 2324 emtoribus
543 2251 720 2321 bonorum
734 2242 924 2335 remiserat,
943 2242 1122 2344 exigenda
1133 2269 1215 2344 pro-

228 2366 417 2467 mulgavit.
468 2367 612 2465 Agelliar
628 2369 651 2440 l.
670 2391 787 2442 xv111.
805 2391 883 2464 cap.
902 2390 956 2438 ιν.

276 2488 427 2579 Omnes,
458 2487 599 2588 quibus
615 2507 696 2563 aetas
723 2487 860 2562 seneero
886 2511 1047 2584 corpore,
1077 2485 1215 2560 animus

227 2607 384 2684 militaris
407 2629 490 2685 erat.
541 2605 728 2703 Priscianus
744 2609 795 2684 lib
811 2609 861 2686 ix.
879 2613 914 2682 δι
932 2633 968 2681 x.

146 2734 147 2740 ’
275 2731 370 2806 Dein
387 2731 494 2806 lenita
510 2730 586 2831 jam
600 2731 667 2824 ira,
686 2730 823 2830 postero
839 2729 897 2804 die
913 2729 1116 2806 liberalibus
1137 2755 1220 2804 ver-

228 2852 282 2926 bis
299 2853 485 2952 permulsti
501 2850 591 2926 sunt.
641 2853 728 2926 Idem
745 2853 769 2924 l.
786 2851 836 2924 ix.
1048 2855 1049 2858 ’

276 2973 463 3072 Implicitae
497 2993 586 3048 rates
617 2973 802 3049 ministeria
832 2970 1077 3070 prohibebant.
1126 2972 1213 3046 Idem

227 3095 354 3166 ibidem.
983 3115 1003 3164 ἡ

106 3285 107 3292 ,
275 3213 386 3314 Igitur
402 3213 559 3314 legiones
575 3215 688 3317 pridie
702 3217 741 3291 in
755 3233 878 3291 monte
893 3218 1020 3316 positas
1032 3215 1214 3292 arceffivit.

227 3335 314 3410 Idem
330 3336 357 3409 l.
376 3361 412 3409 x.
1053 3324 1055 3330 ’

274 3447 415 3532 Annius
432 3455 555 3550 animi,
574 3479 679 3558 atque
696 3459 859 3534 incertus.
909 3459 1100 3556 Arufianus.

274 3581 452 3679 Magnam
470 3577 612 3654 exorsus
628 3579 831 3654 orationem.
881 3579 982 3666 Idem.

106 3698 108 3706 '
234 3769 236 3778 ,
274 3697 470 3797 lmpotens,
490 3703 525 3774 sc
543 3687 669 3774 nimius
685 3699 794 3774 animi
811 3699 872 3774 est.
923 3701 1023 3775 Idem.

274 3817 508 3927 Amisumque
524 3820 659 3897 assideri
677 3823 746 3898 fine
764 3820 889 3920 praeliis
904 3822 1080 3901 audiebat.
1117 3821 1212 3918 Pris-
