2672 4682
236 345 281 442 58
450 341 715 417 ocimi
746 341 1045 416 Succurrit
1161 317 1164 322 ’

235 518 332 592 “do
357 517 510 593 hostium
537 542 581 592 ne
608 513 863 592 circumvenire
880 535 998 614 queat,
1030 516 1223 614 prohibent

235 646 265 683 “
281 639 461 738 angustia.
511 637 616 736 Qtod
645 639 668 710 sr
696 637 816 712 virtuti
834 639 951 714 vestrae
970 637 1108 715 fortuna
1124 637 1221 712 invi·

235 767 263 806 “
282 733 391 852 derit,⁸
402 779 534 848 cavete,
553 757 654 834 inulti
671 760 826 836 animam
844 759 1027 846 amittatis;
1047 785 1117 833 neu
1134 785 1220 858 capa

236 882 309 956 “ti
327 883 454 981 potius,
472 879 568 954 ficuti
585 907 724 978 pecora,
742 882 981 973 trucidemini,
998 907 1107 981 quam
1124 881 1221 955 viro·

236 1011 265 1048 “
283 1031 360 1078 rum
377 1026 473 1080 more
501 1023 714 1100 pugnantes,
740 1023 922 1080 cruentam
949 1023 1055 1101 atque
1079 1004 1221 1081 induo*
1327 1101 1329 1106 ι

236 1131 265 1214 ,“
283 1123 354 1200 sam
382 1122 566 1196 victoriam
596 1124 751 1198 hostibus
776 1124 1014 1224 relinquatis.'’

282 1246 383 1320 LIX.
411 1246 513 1316 Hac
532 1244 595 1319 ubi
617 1245 723 1336 dixit,
744 1247 941 1344 paullulum
964 1264 1219 1336 commoratus,

235 1371 330 1466 figna
355 1391 478 1440 canere
500 1364 628 1464 jubet;
659 1387 766 1464 atque
793 1366 975 1442 instructos
1008 1366 1148 1440 ordines
1182 1365 1221 1442 in

233 1491 354 1563 locum
375 1512 519 1585 aequum
553 1471 723 1562 deducit:
748 1487 856 1578 Dein,
886 1486 1028 1562 remotis
1053 1487 1219 1576 omnium

234 1607 347 1706 equis,
367 1635 439 1706 quo
459 1607 644 1700 militibus,
672 1627 856 1706 exaequato
884 1607 1053 1704 periculo,
1082 1603 1241 1684 anianus

233 1729 383 1827 arnplior
409 1732 503 1822 effet,
534 1728 604 1827 ipse
623 1731 730 1827 pedes
747 1728 955 1818 exercitum,
985 1753 1049 1824 pro
1067 1729 1149 1804 loco
1166 1749 1219 1802 ata

233 1877 303 1951 que
321 1849 445 1948 copiis,
465 1850 609 1926 instruit.
644 1851 756 1941 Nam,
786 1847 839 1924 uti
864 1847 1023 1946 planities
1040 1868 1112 1924 erat
1128 1848 1222 1924 inter
1330 1860 1331 1864 ’

235 1971 380 2060 sinistros
398 1971 544 2063 montis,
562 1977 595 2046 &
613 1973 659 2046 ab
675 1973 799 2046 dextra
814 1995 904 2069 rupe
920 1968 1051 2068 aspera,
1063 1970 1145 2043 odo
1158 1996 1221 2044 eo·

234 2094 344 2174 hortis
361 2094 397 2168 in
414 2092 528 2170 fronte
545 2093 721 2170 constituit
738 2123 747 2166 ε
778 2093 911 2190 reliqua
928 2095 1023 2190 signa
1048 2090 1084 2166 in
1112 2089 1221 2168 subt-

233 2215 295 2292 dio
324 2215 429 2290 artius
458 2215 620 2290 collocat.
681 2214 742 2286 Ab
771 2212 824 2286 his
853 2211 1069 2291 centuriones
1103 2213 1221 2288 omnir

229 2339 356 2429 lectos,
390 2341 424 2410 δι
448 2351 624 2425 evocatos,
656 2351 817 2431 praterea
839 2357 884 2406 ex
909 2331 1074 2432 gregariis
1097 2332 1218 2408 militi-

234 2463 301 2540 bus
335 2460 525 2555 optumum
567 2480 747 2554 quemque
775 2472 952 2530 armatum
990 2452 1029 2532 in
1068 2451 1223 2550 primam

234 2579 347 2655 aciem
363 2577 537 2656 subducit.
586 2578 630 2652 C.
655 2574 837 2652 Manlium
860 2574 897 2652 in
922 2577 1080 2666 dextera,
1104 2573 1221 2656 Faesu·

235 2701 357 2798 lanum
374 2700 567 2798 quemdam
596 2686 633 2772 in
667 2696 795 2772 sinistra
824 2715 920 2795 parte
949 2721 1068 2772 curare
1090 2693 1220 2794 jubet:

234 2818 308 2919 ipse
325 2847 408 2896 cum
425 2819 558 2896 libertis
589 2818 786 2894 &colonis
804 2839 946 2917 propter
964 2817 1135 2918 Aquilam
1158 2819 1222 2891 ad-

236 2941 331 3032 sistit,
357 2969 464 3039 quam
491 2942 586 3018 bello
612 2940 793 3018 Cimbrico
824 2942 867 3016 C.
896 2939 1034 3017 Marius
1062 2940 1100 3013 in
1122 2964 1222 3016 exer-

234 3062 309 3140 citu
326 3061 481 3136 habuilse
498 3062 691 3139 dicebatur.
751 3067 802 3142 At
837 3087 882 3141 ex,
912 3063 1020 3137 altera
1049 3081 1146 3158 parte
1175 3062 1220 3135 C.

236 3180 429 3272 Antonius,
456 3182 604 3282 pedibus
626 3209 732 3282 aeger,
758 3185 857 3281 quod
881 3181 1002 3280 praelio
1020 3184 1133 3257 adelle
1159 3207 1221 3254 ne-

237 3303 374 3403 quibat,
409 3306 466 3376 M.
495 3302 633 3380 Petreio
665 3306 784 3403 legato
821 3303 1013 3381 exercitum
1039 3301 1221 3400 permittit.

235 3427 301 3500 Ille
318 3423 473 3500 cohortis
490 3444 682 3514 veteranas,
713 3450 799 3522 quas
827 3407 969 3500 tumulti
997 3425 1112 3498 caulla
1135 3447 1223 3496 con-

235 3544 425 3644 scripserat,
448 3544 485 3620 in
508 3542 648 3631 fronte3
686 3546 762 3643 post
778 3572 833 3628 eas
851 3567 1005 3624 ceterum
1023 3541 1220 3618 exercitum

235 3663 273 3740 in
290 3665 443 3742 subfidiis
460 3653 578 3740 locat.¹
613 3665 690 3764 lpse
718 3694 810 3766 equo
839 3665 1060 3768 circumiens,
1090 3691 1221 3740 unum·

236 3811 419 3892 quemque
434 3785 621 3866 nominans
642 3789 809 3887 adpellat,
835 3789 1006 3880 hortatur,
1031 3805 1145 3896 rogat,
1170 3783 1224 3863 uti
