2668 4698
250 327 320 404 288
401 309 566 402 'Porsen
584 323 797 408 Lnrnotus
828 323 1110 404 Ducnnrrtnrro

292 505 337 576 V.
364 504 425 576 Ad
466 528 544 578 eam
587 527 711 602 greges
748 503 975 578 confluebant
1014 503 1231 604 perditorum

245 619 531 714 adolescentium,
558 649 713 721 quorum
734 623 791 698 hic
814 622 1083 702 familiaritatem
1106 624 1233 699 eximi·-

245 771 304 819 am
337 742 537 820 consecutus
565 741 691 834 fuerat,
722 745 945 820 conciliatam
962 745 1091 844 partim
1118 747 1227 820 affue-

244 865 370 940 tudine
405 863 529 963 stupri,
556 864 700 963 ‘partim
734 891 860 964 genere
894 867 1051 964 quodam
1090 863 1227 940 nefaria
1281 965 1283 970 Ι

244 986 450 1086 largitionis.
500 985 663 1060 Adhibiti
691 983 769 1062 sunt
801 992 836 1060 ὅτ
859 987 976 1062 cundi
1005 987 1233 1062 barbarorum

244 1108 447 1198 hominum,
474 1105 649 1181 nobilitati
678 1129 750 1180 non
783 1105 897 1182 solum
929 1105 1233 1206 magnitudine&

245 1227 384 1304 summa
416 1227 492 1301 aeris
522 1228 640 1320 alieni,
675 1249 799 1302 vemm
832 1227 940 1302 etiam
968 1225 1233 1317 consuetudine,
1321 1259 1322 1328 i

246 1377 288 1424 ac
316 1350 430 1424 studio
458 1348 730 1446 turpill'rmarum
747 1375 877 1424 rerum.
927 1350 1008 1422 Nec
1023 1349 1087 1422 alae
1109 1347 1234 1420 mulie·
1321 1329 1322 1368 r

245 1474 324 1548 bres
346 1473 392 1546 ab
418 1495 461 1544 eo
485 1491 581 1544 coetu
613 1467 776 1570 religioso
804 1495 846 1544 ac
874 1471 1064 1559 nocturno,
1096 1465 1233 1566 prorsus
1319 1371 1322 1546 l

244 1592 390 1668 abluiffe
419 1589 580 1666 indicarae
609 1589 713 1666 sunt:
745 1593 843 1666 nulla
882 1590 1035 1688 denique
1074 1595 1258 1687 portenta

245 1713 372 1804 Urbis,
404 1713 510 1786 nullae
539 1710 770 1792 finitimamm
799 1711 1012 1811 religionum
1040 1709 1153 1807 pestes
1183 1735 1235 1784 re·

237 1856 351 1934 ‘pertae
385 1834 476 1926 sunt,
513 1860 598 1933 quae.
620 1855 694 1908 non
727 1835 899 1908 denotatae
934 1833 1146 1908 {blertiffime
1174 1851 1236 1930 per
1321 1817 1322 1904 l

244 1959 355 2046 hunc,
386 1979 448 2054 per
478 1955 762 2057 magnitudinem
795 1954 923 2052 inopiae
953 1952 1118 2028 facillime
1149 1980 1233 2027 con-

174 2148 182 2176 ,
243 2075 370 2168 citatae,
397 2095 540 2175 repente
564 2077 820 2160 devolaverunt
842 2076 879 2149 in
906 2101 1023 2148 aream
1039 2057 1152 2173 ipsam
1175 2100 1234 2148 ne·
1321 2115 1322 2130 κ

244 2195 339 2272 fariae
369 2219 476 2297 atque
505 2195 684 2298 flagitiosa
713 2195 972 2294 conjurationis.
1017 2195 1125 2270 Ratio
1151 2221 1234 2270 con-2

243 2319 400 2394 filiorum
442 2316 523 2409 fuit,
560 2339 601 2392 ut
635 2317 872 2392 Saturnalibus
920 2315 1082 2416 proxime
1111 2314 1235 2388 futuris

130 2474 134 2482 ·
242 2437 392 2517 universi
430 2462 520 2513 ‘cum
564 2435 669 2512 armis
709 2440 755 2512 ad
786 2438 903 2536 ipfius
923 2439 1040 2536 Laecae
1078 2437 1231 2510 domum

243 2557 369 2658 praesto
398 2557 537 2634 forent:
570 2559 691 2658 ibique
724 2561 808 2634 dato
845 2564 952 2660 'signo
979 2559 1236 2632 collaberentur

241 2707 379 2771 omnes,
406 2680 534 2777 partim
560 2683 605 2757 ad
633 2679 881 2778 diripiendam,
925 2679 1234 2762 inflammandam

242 2829 313 2901 que
345 2805 501 2894 Urbem,
534 2801 661 2899 partim
700 2802 746 2874 ad
772 2801 1022 2876 trucidandum
1051 2803 1233 2890 Senatum,

243 2923 368 3020 partim
397 2924 442 2996 ad
471 2909 529 2995 eos
555 2921 809 3013 conficiendos,
839 2921 900 3020 qui
926 2922 1125 3020 pr'aesrdium
1155 2923 1228 2994 Ur·

149 3119 151 3128 ,
241 3042 279 3116 bi
303 3039 391 3114 ferre
416 3041 632 3116 voluissent:
660 3042 848 3117 Catilinam
874 3043 1013 3118 interim
1034 3067 1173 3132 omneS,
1200 3043 1234 3114 δι
1321 3025 1322 3062 ¹

243 3165 400 3253 Ducem,
428 3168 462 3236 δι
492 3165 744 3266 Imperatorem
762 3166 989 3262 appellarent.
1041 3254 1046 3262 x

292 3287 355 3360 VI.
388 3283 559 3373 Audistis,
591 3283 741 3382 judices,
774 3283 852 3359 satis
882 3285 1065 3358 evidenter
1091 3286 1150 3380 (ut
1181 3309 1235 3356 ara

240 3406 369 3502 bitror)
402 3403 583 3480 confilium
613 3405 852 3480 sceleratiffimi
879 3405 1032 3480 hominis
1060 3405 1237 3496 Catilina,

240 3529 363 3628 reique
379 3525 625 3626 indigniffimae
660 3526 908 3618 miserabilem,
939 3551 981 3599 ac
998 3525 1240 3600 detestabilem
1321 3555 1322 3618 i

240 3647 495 3722 crudelitatem.
547 3649 656 3722 Nunc
685 3673 769 3720 vero
794 3646 976 3721 laudienda
1019 3649 1134 3720 cauffa
1170 3647 1234 3738 est,
1321 3621 1322 3642 Χ

241 3767 541 3869 ag‘noscendaeque
572 3767 678 3861 faces,
715 3767 842 3868 quibus
880 3767 939 3842 ille
977 3765 1149 3866 flagravit
1190 3768 1237 3842 ad
