2662 4686
242 367 309 448 132
441 285 705 420 ecilin
740 347 1042 422 Snntusrlr

238 521 332 612 trati,
351 542 432 594 cum
451 537 583 621 magno
601 521 730 620 gaudio
746 521 844 596 obvii
861 527 1067 620 procedunt.
1107 513 1225 621 Equi«
1319 503 1320 520 i

237 659 288 714 tes
320 639 534 739 peditesque,
565 663 707 740 repente
741 627 839 744 signo
855 645 952 736 dato,
982 643 1039 718 alii
1066 646 1222 744 volgum

232 761 386 847 xcssusum
405 762 539 860 oppido
556 764 712 850 caedere3
737 764 794 836 alii
822 765 868 838 ad
891 782 1009 862 portas
1033 762 1221 852 festinare3

237 905 315 979 pars
332 886 436 956 turris
454 893 603 980 capere:
631 883 680 958 ira
693 903 799 982 atque
817 887 941 982 praedae
958 884 1033 984 spes
1051 885 1219 982 amplius,
1278 913 1286 919 ·

236 1027 343 1099 quam
361 1003 522 1076 lassitudo
541 1007 646 1102 posse.
684 1007 737 1078 Ita
754 1008 928 1105 Vagenses
940 1007 1089 1081 biduum
1109 1007 1221 1080 modo

237 1147 282 1195 ex
300 1121 446 1220 perfidia
464 1123 593 1198 laetati:
619 1124 739 1198 civitas
757 1151 887 1226 magna
913 1132 946 1200 ἃ·
976 1129 1121 1224 opulens
1140 1153 1219 1224 poe·
1320 1199 1321 1226 Ξ

222 1223 290 1316 ¹nae
320 1245 460 1335 cunda,
500 1263 560 1319 aut
589 1247 716 1343 praedae
746 1245 847 1322 suit·
890 1247 1084 1346 Turpilius,
1111 1251 1220 1345 quem
1320 1273 1321 1276 ’

236 1361 441 1460 praesectum
468 1365 591 1463 oppidi
616 1393 728 1440 unum
753 1392 799 1440 ex
820 1366 983 1441 omnibus
1008 1365 1216 1467 profugisse,

234 1482 337 1579 supra
370 1484 599 1576 ostendimus,
619 1485 730 1584 jussus
759 1489 953 1562 aMetello
978 1489 1129 1562 caussam
1161 1487 1219 1561 di·
1320 1487 1321 1496 ’

235 1629 327 1696 cere,
347 1605 533 1703 postquam
561 1603 628 1679 sese
649 1631 773 1720 parum
788 1629 980 1716 expurgat,
1000 1610 1216 1685 condemna-

234 1746 304 1817 tus,
328 1727 597 1825 verberatusque
623 1727 736 1826 capite
753 1753 874 1827 poenas
903 1727 1017 1804 solvit.
1067 1732 1163 1804 Nam
1188 1729 1219 1805 is

234 1847 322 1922 civis
347 1873 392 1924 ex
418 1843 524 1922 Latio
549 1869 632 1923 erat.

284 1973 407 2046 LXX.
432 1972 513 2044 Pan
540 1971 636 2045 idem
666 1992 805 2072 tempus
828 1973 1011 2064 Bomilcar,
1030 1971 1127 2071 cujus
1145 1972 1219 2046 im-

123 2117 124 2122 *
235 2088 336 2188 pulsu
354 2092 528 2186 Jugurtha
543 2093 773 2188 deditionem,
792 2121 901 2192 quam
929 2113 1028 2168 metu
1054 2092 1221 2186 deseruit,
1281 2101 1321 2150 Η

234 2211 427 2307 inceperat,
453 2208 624 2307 suspeclus
650 2213 739 2311 regi,
767 2213 805 2284 dt
832 2213 903 2309 ipse
920 2239 1001 2287 eum
1019 2211 1219 2312 suspiciens,

235 2337 345 2404 novas
368 2355 421 2406 res
443 2355 596 2427 cupere:
621 2333 667 2404 ad
680 2331 869 2429 perniciem
893 2325 966 2432 ejus
983 2334 1109 2407 dolum
1122 2361 1219 2432 quae-

234 2471 333 2540 rere3
371 2451 432 2529 diu
461 2453 638 2550 noctuque
667 2451 810 2552 fatigare
834 2452 1002 2528 animum
1052 2447 1220 2553 Denique
1319 2465 1320 2470 ’

234 2574 353 2648 omnia
381 2575 563 2666 tentand0,
581 2571 713 2648 socium
731 2574 794 2648 fibi
810 2571 970 2674 adjungit
985 2573 1220 2666 Nabdalsam,
1321 2567 1322 2580 ³

110 2737 116 2744 ·
233 2697 416 2770 huminem
433 2695 604 2787 nobilem,
629 2695 766 2795 magnis
782 2695 922 2793 opibus,
946 2719 1066 2768 camm
1094 2713 1218 2794 accep-

232 2837 382 2916 tumque
401 2818 626 2916 popularibus
650 2817 738 2891 suis:
764 2816 825 2915 qul
843 2817 1051 2915 plerumque
1067 2813 1219 2889 seorsum

125 3002 127 3007 .
233 2942 280 3011 ab
309 2963 392 3036 rege
410 2940 603 3014 exercitum
620 2939 777 3028 duclare,
813 2941 846 3010 dt
865 2957 988 3039 omnes
1005 2962 1059 3010 res
1074 2936 1218 3034 exsequi

232 3055 352 3130 solitus
368 3081 453 3150 erat,
469 3085 548 3157 quae
561 3060 746 3158 Jugurthae
760 3057 857 3149 sesso,
876 3078 936 3131 aut
949 3055 1137 3157 majoribus
1155 3058 1218 3130 ad·

233 3175 354 3252 striato
384 3177 650 3274 superaverant:
682 3203 727 3252 ex
755 3205 826 3276 quo
852 3177 903 3250 illi
933 3178 1043 3276 gloria
1065 3169 1218 3286 opesque

196 3371 208 3396 ἱ
232 3297 397 3372 inventae.
438 3297 552 3396 Igitur
567 3297 743 3398 utriusque
759 3299 900 3374 consilio
915 3298 989 3372 dies
1008 3299 1135 3375 insidiis
1148 3299 1235 3372 sta·-

232 3421 362 3494 tuitur:
395 3438 519 3510 cetera,
537 3419 588 3492 uti
606 3445 659 3493 res
676 3419 841 3520 posceret,
868 3443 913 3493 ex
928 3439 1088 3516 tempore
1105 3417 1219 3518 parad

232 3541 374 3638 placuit.
390 3551 392 3558 '
425 3537 603 3614 Nabdalsa
621 3541 665 3614 ad
684 3541 877 3615 exercitum
895 3540 1083 3639 prosedus,
1111 3559 1220 3636 quem
1246 3639 1253 3645 .

232 3661 323 3735 inter
339 3663 484 3735 hiberna
499 3665 744 3736 Romanorum
756 3661 868 3760 jussus
886 3662 1050 3750 babebat,
1063 3683 1108 3732 ne
1120 3683 1217 3756 ager,

234 3781 351 3856 inultis
368 3783 540 3875 hostibus,
567 3784 764 3858 vastaretur.
793 3785 827 3856 ls
853 3781 1056 3880 postquam,
1079 3776 1217 3878 magni·
