2672 4682
235 335 286 410 68
410 333 453 406 C.
488 329 683 405 Cn1s1³1
718 323 1024 402 siriasim

240 511 269 550 “
287 525 479 582 venturum
495 475 515 580 ε’
541 509 590 579 fin
620 503 860 602 properantius
890 521 1065 602 pergeret,
1094 502 1234 580 suamet

240 634 269 672 “
287 628 402 726 ipsum
421 626 568 726 pecunia
585 623 805 723 praecipitem
822 624 1019 700 casumm.”

288 751 355 824 IX.
381 752 446 822 Sic
461 750 627 837 locutus,
649 771 746 865 'cum
780 747 915 838 litteris,
949 771 1036 846 quas
1066 748 1230 847 Micipsae

118 887 122 896 '
142 859 150 882 ’
238 871 412 960 redderet,
430 867 575 942 dimisit:
595 892 716 942 earum
733 867 900 962 sententia
916 869 992 942 haec
1010 887 1093 942 erat.
1119 877 1147 912 “
1161 873 1231 966 Ju-

241 999 270 1036 “
290 993 424 1090 gurtha
453 988 506 1062 tui
535 990 632 1062 bello
661 991 885 1064 Numantino
914 992 1021 1090 longe
1055 1015 1231 1066 maxuma

241 1112 395 1186 “virtus
418 1108 508 1183 fuit:
539 1136 647 1209 quam
675 1137 751 1186 rent
780 1111 844 1188 tibi
870 1131 968 1188 certo
995 1110 1066 1186 scio
1097 1112 1231 1210 gaudio

240 1243 269 1279 ‘⁴
287 1235 364 1307 effe.
414 1231 529 1306 Nobis
546 1235 594 1307 ob
609 1234 732 1308 merita
749 1261 850 1309 carus
859 1234 939 1308 rest:
970 1233 1023 1308 uti
1051 1232 1148 1307 idem
1177 1233 1228 1308 se·

239 1363 268 1400 “
285 1352 381 1426 natui
408 1357 446 1426 sit
465 1356 650 1452 &populo
673 1342 869 1446 Romanos
886 1353 1022 1428 summa
1045 1379 1114 1452 ope
1138 1356 1229 1430 nite-

218 1481 267 1564 ¹“
285 1501 376 1547 mur.
427 1475 513 1548 Tibi
532 1475 677 1573 quidem
707 1503 770 1574 pro
794 1475 910 1550 nostra
931 1473 1083 1548 amicitia
1107 1499 1226 1575 gratu-

238 1603 266 1640 “
285 1597 361 1668 lor:
393 1622 437 1668 en
456 1597 563 1670 habes
581 1597 698 1672 virum
716 1597 868 1697 dignum
898 1617 933 1669 te
957 1615 1063 1694 atque
1078 1623 1148 1671 avo
1165 1597 1227 1676 suo

238 1723 267 1760 “
286 1702 502 1790 Mafiniffa.'’
545 1719 753 1816 Igitur-rex,
776 1719 852 1810 ubi,
873 1714 1066 1816 quaefama
1079 1737 1226 1816 accepe-

236 1857 302 1929 rat,
329 1863 374 1910 ex
400 1837 520 1912 litteris
542 1839 761 1936 imperatoris
778 1837 827 1912 ita
844 1841 913 1912 elle
931 1838 1115 1938 cognovit,
1140 1865 1226 1916 cum

236 1959 366 2052 virtute
383 1958 462 2050 viri,
492 1979 571 2034 tum
599 1961 712 2060 gratia
728 1981 922 2060 permotus,
949 1959 1047 2036 flexit
1064 1959 1227 2036 animum

234 2079 350 2171 suum,
377 2085 409 2154 δι
441 2083 656 2178 Jugurtham
686 2083 864 2156 beneficiis
888 2083 1028 2156 vincere
1044 2082 1227 2180 adgteffus

146 2257 150 2268 .
235 2201 310 2274 est:
348 2199 534 2299 statimque
566 2202 763 2299 adoptavit,
793 2208 830 2294 ὃς
859 2203 1067 2276 testamento
1097 2203 1226 2300 pariter

233 2347 317 2395 cum
336 2319 416 2394 filiis
434 2307 601 2395 heredem
619 2321 776 2395 instituit.
823 2323 890 2395 Sed
908 2321 1126 2420 ipse'paucos
1144 2325 1225 2422 post

234 2469 357 2534 annos,
392 2447 519 2517 morbo
555 2463 660 2542 atque
688 2442 1009 2534 aetateeonfeetus,
1046 2468 1129 2516 cum
1160 2446 1225 2520 fibi

233 2567 343 2638 finem
376 2563 457 2644 titae
486 2566 598 2640 adeffe
626 2565 857 2665 intellegeret,
887 2590 1008 2638 coram
1035 2563 1155 2638 amicis
1186 2569 1223 2640 &

231 2685 406 2784 cognatis,
434 2687 520 2760 item
539 2688 740 2762 Adherbale
767 2692 800 2761 ὃς
823 2685 1028 2784 Hiempsale
1046 2685 1140 2776 filiis,
1164 2685 1220 2760 di-

233 2806 322 2880 citur
338 2805 579 2906 hujuscemodi
596 2813 705 2883 verba
721 2835 804 2882 cum
818 2810 994 2908 Jugurtha
1010 2807 1179 2881 habuille.

281 2931 330 3002 X.
359 2913 582 3004 “‘PAn'vunr
605 2957 687 3030 eg0,
718 2932 906 3030 Jugurtha‚
931 2949 980 3020 te,
1006 2928 1129 3002 amisso
1156 2953 1219 3024 pa·

233 3053 262 3090 “
281 3068 347 3138 tre,
368 3053 437 3124 fine
453 3050 525 3148 spe,
545 3056 614 3124 fine
630 3051 771 3152 opibus,
796 3051 833 3123 in
849 3076 971 3124 meum
989 3075 1142 3148 regnum
1159 3075 1218 3122 ac-

231 3170 262 3244 f‘
280 3168 381 3266 cepi3
412 3159 625 3245 existumans
642 3199 715 3246 non
733 3171 849 3245 minus
866 3197 924 3246 me
940 3171 1019 3262 tibi,
1039 3197 1148 3269 quam
1176 3169 1218 3244 li·

232 3298 261 3334 “
281 3291 385 3382 beris,
421 3295 444 3364 fi
474 3291 679 3390 genuiffem,
712 3295 760 3367 ob
787 3293 961 3367 beneficia
974 3318 1094 3367 catum
1111 3292 1215 3366 fore:

138 3493 143 3501 .
233 3418 262 3453 “
280 3438 396 3514 neque
413 3437 453 3487 ea
470 3438 523 3486 res
539 3411 664 3513 falsum
680 3413 812 3486 habuit.
859 3416 958 3488 Nam
975 3435 1014 3488 ut
1031 3414 1097 3488 alia
1114 3439 1217 3512 mag·
1291 3407 1295 3412 ’

232 3537 324 3606 “na
350 3532 541 3633 &egregia
565 3554 625 3614 tua
657 3527 834 3636 omittam,
861 3536 1058 3610 novissume
1078 3535 1217 3610 rediens

231 3660 259 3694 “
276 3629 472 3730 Numantia
496 3680 625 3753 meque
644 3681 866 3758 regnumque
883 3682 1004 3732 meum
1021 3657 1134 3756 gloria
1150 3658 1215 3730 ho*

171 3822 173 3826 .
231 3778 258 3816 “
278 3775 462 3854 noravisti:
487 3795 548 3852 tua
565 3777 695 3854 virtute
712 3777 814 3854 nobis
829 3781 1013 3858 Romanos
1030 3803 1075 3854 ert
1093 3776 1219 3854 amicis
1321 3769 1322 3860 ;
