2664 4692
228 376 297 452 228
499 369 803 444 Snuuusrrr
839 367 1009 442 Hrsr.

276 541 622 642 Impediebantjulsa
636 561 832 616 minarum.
880 542 979 614 Idem.

275 665 377 739 Nihil
393 663 547 738 socordia
563 664 760 738 claudebat.
811 663 968 736 Donatus.

276 787 330 860 Ut
358 805 452 860 tanta
476 805 617 882 repente
644 782 792 858 mutatio
806 809 880 858 non
895 787 965 856 line
980 783 1050 856 deo
1061 761 1202 853 ⁸videre·

225 927 292 984 tur.
341 907 439 980 Idem.

275 1031 318 1102 In
334 1053 392 1100 ore
409 1026 571 1126 gentibus
587 1051 708 1124 agens,
723 1027 870 1122 populo,
888 1023 1032 1098 civitati.
1081 1023 1178 1095 Mem.

274 1149 380 1221 Preffi
397 1147 558 1243 undique
576 1145 813 1238 multitudine.
860 1144 960 1218 idem.

274 1271 388 1344 Hunc
405 1267 512 1366 igitur
526 1267 700 1364 redarguit
716 1264 940 1362 Tarquinius.
983 1266 1083 1338 Idem.

274 1388 370 1461 Dein
387 1388 503 1485 campi
518 1386 772 1483 Themylcirii:
800 1412 887 1483 quos
915 1386 1066 1459 habuere
1092 1388 1203 1456 Ama·

139 1525 148 1534 '
226 1533 347 1601 zones,
374 1508 523 1582 aTanai
539 1508 686 1582 flumine
701 1507 874 1580 incertum
891 1506 1124 1605 quamobrem
1151 1502 1203 1575 di-

226 1632 357 1729 greffae.
404 1633 546 1704 Servius.

274 1751 351 1826 Ubi
379 1777 460 1825 eum
477 1771 550 1824 tota
566 1750 733 1824 concione
748 1750 794 1824 ab
811 1747 963 1822 exercitu
980 1745 1077 1844 cogit
1094 1744 1200 1820 disce-

225 1873 321 1963 dere,
341 1871 428 1946 dicit
443 1869 477 1946 se
493 1870 564 1970 ejus
581 1897 689 1970 opera
704 1895 777 1942 non
793 1867 954 1955 usurum;
989 1883 1144 1964 eumque
1159 1867 1202 1940 ab

224 1993 330 2068 armis
351 1991 504 2066 dimittit.
554 1993 651 2066 Idem.

275 2116 322 2186 Et
339 2111 488 2186 Metello
516 2114 638 2209 procul
664 2131 792 2210 agente
818 2114 926 2210 longa
951 2109 1027 2207 spes
1056 2103 1201 2181 auxilio·

225 2257 318 2306 rum.
368 2233 466 2306 Idem.
684 2245 688 2256 '
1122 2293 1125 2302 ,

272 2355 379 2424 More
408 2351 571 2448 equestris
598 2351 710 2450 praelii
734 2352 855 2425 sumtis
882 2351 987 2450 tergis
1003 2369 1110 2447 atque
1125 2351 1201 2422 red-

221 2472 318 2562 ditis,
343 2476 377 2544 &
402 2474 521 2569 egrelli
545 2473 592 2544 ad
618 2470 789 2546 faciliores
807 2470 895 2546 istus
916 2473 997 2545 loco
1020 2473 1200 2544 cedebant.

222 2593 320 2666 Idem.

271 2715 390 2788 Castra
407 2719 476 2788 fine
492 2715 637 2788 vulnere
654 2712 848 2787 introitum.
897 2713 996 2784 Idem.

270 2838 409 2925 Multos
425 2856 543 2909 tamen
572 2837 617 2908 ab
643 2832 871 2907 adolescentia
890 2836 1000 2907 bonos
1017 2817 1200 2905 insultavit.

222 2951 309 3026 Idem
342 2956 382 3027 ὃ
410 2957 566 3026 Donatus.
611 3023 613 3030 .

271 3072 371 3145 Cosa.
421 3076 566 3144 Scaurus.

272 3190 401 3288 Equis,
420 3210 525 3288 atque
543 3191 645 3265 armis
662 3191 863 3290 insignibus.
913 3191 1012 3264 Idem.

112 3323 116 3336 ¹
271 3314 389 3386 Feffus
405 3310 441 3382 in
458 3311 703 3407 Pamphyliam
720 3311 753 3384 se
771 3331 957 3410 receperat.
1006 3311 1106 3384 idem.

270 3432 450 3505 Profectus
479 3429 623 3528 quidam
651 3431 764 3530 Ligus
791 3432 837 3505 ad
864 3431 1021 3530 requifita
1054 3449 1199 3504 nature.
1316 3389 1317 3472 l

187 3623 190 3628 .
224 3551 384 3650 Quinctil.
511 3647 514 3652 ¹

272 3671 382 3767 Apud
398 3672 505 3744 latera
518 3689 629 3744 certos
646 3673 889 3746 collocaverat.
906 3737 915 3753 ,
932 3671 1078 3746 Seruius.

273 3793 413 3910 Aperta
430 3810 554 3890 portae,
573 3793 705 3892 repleta
717 3779 808 3868 'arra
823 3791 1027 3868 cultoribus.
1075 3792 1176 3866 Idem.
1316 3803 1317 3894 l
