2664 4692
256 357 327 452 20⁶.
535 351 822 427 Santusrrt
860 349 1018 426 Hrsr.

252 523 310 604 me
327 523 491 624 praeterit,
519 546 664 624 quantas
681 553 765 624 opes
783 525 971 600 nobilitatis
988 524 1090 613 solus,
1110 521 1227 620 impo-

253 667 343 736 tens,
363 645 456 719 inani
475 645 584 743 specie
601 646 829 745 magistratus,
849 646 977 743 pellere
990 643 1229 721 dominatione
1318 631 1319 704 ἒ

253 765 438 862 incipiam
464 785 667 863 quantoque
683 767 789 840 tutius
807 765 911 840 factio
928 765 1114 838 noxiorum
1131 781 1226 860 agat,

254 911 362 983 quarn
386 885 448 964 soli
466 885 677 960 innocentes.
727 889 794 960 Sed
827 905 951 984 praeter
979 884 1074 982 spem
1098 886 1228 957 bonam

253 1031 299 1080 ex
317 1005 430 1095 vobis,
450 1031 528 1103 quae
545 1027 680 1080 metum
697 1007 794 1097 vicit,
813 1005 925 1096 statui,
957 1003 1155 1080 certaminis
1171 1005 1231 1076 ad·

253 1124 351 1199 vorsa
380 1153 445 1222 pro
461 1127 619 1200 libertate
648 1128 780 1224 pctssora
805 1129 872 1200 effe
900 1124 981 1200 sorti
1007 1125 1096 1215 vir0,
1116 1109 1230 1222 'quam

221 1309 225 1318 .
254 1247 400 1321 omnino
429 1273 500 1322 non
527 1248 714 1322 certavisse.
763 1251 993 1348 Qramquarn
1022 1270 1146 1317 omnes
1176 1243 1231 1318 alii

150 1361 181 1377 ''
254 1365 358 1439 creati
377 1392 440 1464 pro
449 1365 527 1466 jure
544 1367 659 1442 vestro
682 1366 755 1440 vim
774 1369 936 1439 cundum
962 1364 1157 1462 &imperia
1175 1364 1233 1437 sua

254 1485 376 1584 gratia,
405 1508 462 1559 aut
486 1485 557 1582 spe,
586 1508 645 1560 aut
670 1487 818 1584 praemiis
846 1487 881 1559 in
911 1512 973 1558 vos
1001 1483 1230 1590 convortere,
1319 1473 1320 1540 l

253 1606 443 1704 meliusque
461 1610 603 1697 habent,
622 1609 782 1680 mercede
796 1607 1012 1704 delinquere,
1032 1631 1140 1704 quarn
1155 1631 1229 1704 gra-

252 1727 296 1801 tis
313 1730 402 1801 reete
419 1726 540 1802 facere.
586 1731 713 1825 ltaque
735 1753 857 1800 omnes
882 1728 1075 1800 concessere
1090 1724 1173 1824 'jam
1196 1727 1230 1798 in

252 1873 444 1946 paucorum
460 1847 750 1938 dominationem,
763 1848 824 1947 qui
842 1873 904 1944 per
919 1846 1066 1919 militare
1083 1872 1228 1935 nomen,

252 1969 424 2058 aerarium,
442 1967 624 2059 exercitus,
644 1994 765 2066 regna,
785 1967 980 2065 provincias
997 1981 1229 2062 occupavere,

255 2091 421 2162 &arcem
439 2091 569 2162 habent
597 2113 642 2162 ex
671 2089 787 2186 spoliis
805 2087 947 2162 vestris:
975 2112 1057 2160 cum
1076 2087 1229 2177 interim,

254 2233 353 2280 more
381 2233 562 2305 pecorum,
583 2233 646 2281 vos
664 2207 856 2283 multitudo
872 2208 1011 2306 lingulis
1035 2209 1230 2300 habendos,
1265 2271 1268 2278 .

254 2325 484 2425 fruendosque
516 2328 691 2424 praebetis,
729 2326 838 2401 exsuti
863 2329 1025 2402 omnibus
1053 2355 1133 2426 quae
1158 2357 1231 2403 ma·
1320 2352 1321 2412 l

247 2443 339 2544 joret
352 2447 545 2547 reliquere:
574 2449 633 2521 nist
663 2449 744 2547 quia
761 2433 933 2523 vobismet
955 2450 1015 2547 ipsr
1033 2475 1095 2548 per
1111 2450 1230 2523 suffra·

255 2565 325 2665 gia,
349 2566 400 2640 uti
431 2569 587 2665 praefides
615 2569 714 2659 olim,
741 2596 834 2646 nunc
862 2570 1024 2644 dominos
1045 2569 1231 2644 destinatis.

253 2689 376 2785 ltaque
405 2691 596 2762 concessere
621 2689 691 2763 illic
716 2715 862 2764 omnes:
894 2695 1045 2780 &moin
1072 2694 1094 2762 fi
1123 2691 1234 2764 vestra

252 2807 463 2904 receperitis,
495 2812 539 2884 ad
561 2837 624 2884 vos
652 2811 833 2909 plerique:
861 2811 960 2907 (raris
979 2811 1074 2886 enim
1096 2810 1232 2885 animus

253 2927 365 2999 estad
383 2954 435 3017 ea,
462 2955 540 3026 quae
566 2932 714 3028 placent,
737 2929 977 3028 defendenda)
1003 2952 1115 3012 cetera
1143 2932 1230 3004 vali-

250 3045 391 3118 diorum
417 3047 504 3122 sunt.
555 3055 614 3122 An
648 3051 795 3125 dubium
822 3051 967 3142 habetis,
1002 3079 1045 3124 ne
1074 3055 1230 3127 obficere

250 3165 335 3266 quid
346 3166 447 3239 vobis
459 3193 532 3240 uno
545 3169 662 3242 animo
681 3171 901 3269 pergentibus
915 3175 1027 3269 poffit,
1053 3199 1140 3270 quos
1154 3176 1228 3246 lan-

253 3284 377 3384 guidos
394 3284 618 3385 socordesque
631 3290 861 3385 pertimuere?
885 3291 945 3365 nifi
963 3289 1050 3366 forte
1067 3295 1110 3366 C.
1125 3295 1231 3368 Cotta

209 3407 213 3415 ’
255 3432 300 3480 ex
316 3405 464 3479 fastione
480 3409 595 3482 media
619 3408 751 3500 consul,
770 3411 881 3504 aliter,
906 3439 1013 3511 quam
1036 3433 1134 3494 metu
1150 3412 1233 3512 jura

255 3528 418 3624 quadam
435 3527 581 3602 tribunis
598 3531 645 3627 pl.
664 3529 817 3604 restituit.
869 3535 916 3604 Et
942 3558 1159 3630 quamquam
1184 3538 1231 3608 L.

254 3645 399 3720 Sicinius
412 3647 541 3744 primus
558 3650 602 3722 de
615 3651 781 3746 potestate
799 3651 877 3726 trib.
895 3652 992 3753 loqui
1010 3651 1121 3744 ausus,
1137 3653 1229 3728 mus-

254 3764 401 3842 santibus
424 3768 538 3860 vobis,
569 3765 827 3848 circumventua
854 3793 948 3847 erat:
983 3794 1101 3860 tamen
1138 3775 1231 3879 prius
