2672 4682
425 319 726 413 Cnrrtrnn.
1046 361 1091 436 25

101 528 129 564 ¹¹
148 517 344 594 ducenta.’'
384 518 475 591 Item
493 514 733 615 [decrevere]
765 512 863 586 “uti
884 512 1096 612 gladiatoriae

103 639 296 716 “familiae
323 640 483 737 Capuam
507 643 546 712 δι’
564 637 600 712 in
623 634 956 738 ceteramunicipia
982 635 1095 708 distri·

103 769 132 806 “
150 766 359 852 buerentur,‘
399 785 462 860 pro
492 757 662 857 cujusque*
687 755 837 855 opibus:
879 759 1008 828 Rornae
1038 779 1097 852 per

105 890 130 926 “
147 903 263 958 totam
274 885 402 956 urbem
416 879 548 979 vigiliae
565 881 793 968 haberentur,
810 875 928 974 ‘iisque
946 876 1098 950 minores

106 1004 376 1102 “magistratus
402 1002 621 1099 praeeffent.'’

152 1126 297 1199 XXXI.
325 1128 482 1222 eraus
512 1125 615 1196 rebus
641 1140 801 1220 permota
830 1119 965 1210 civitas,
995 1139 1099 1217 atque

105 1244 293 1320 immutata
320 1244 418 1318 urbis
440 1241 569 1318 facies:
606 1266 651 1318 ex
681 1241 817 1316 summa
851 1239 971 1314 laetitia
993 1261 1100 1339 atque

106 1365 260 1456 lascivia,
296 1377 383 1465 quae'
405 1365 570 1438 diuturna
598 1365 695 1462 quies
724 1381 918 1462 pepererat,
955 1379 1100 1458 repente

109 1487 226 1560 omnis
248 1485 384 1560 tristitia
404 1485 539 1558 invasrt.
590 1486 778 1576 Festinare,
807 1483 1007 1582 trepidare3
1037 1507 1104 1592 ηατ-χ

112 1633 183 1706 que
209 1609 303 1698 locu,
328 1633 393 1682 nec
411 1606 547 1681 homini
565 1607 732 1705 cuiquam
748 1605 827 1680 satis
844 1607 1007 1690 credere3
1038 1629 1099 1678 ne·

86 1736 182 1826 'que
215 1730 351 1802 bellum
377 1754 508 1827 gerere,
539 1754 655 1827 neque
680 1753 804 1825 pacem
842 1728 998 1799 habere:
1039 1725 1101 1800 suo

115 1849 262 1948 quisque
277 1870 375 1926 metu
394 1849 550 1947 pericula
567 1849 693 1922 metiri.
745 1849 807 1922 Ad
828 1849 896 1920 hoc
926 1845 1102 1936 mulieres,
1166 1837 1168 1844 ¹

115 1971 254 2068 quibus,
287 1971 488 2068 reipublicae
510 1960 778 2068 magnitudine,
808 1967 892 2043 belli
920 1966 1027 2040 timor
1049 1965 1102 2039 in·-

115 2089 249 2181 solitua,
277 2091 449 2166 addidare
465 2089 545 2181 sese,
571 2113 700 2164 manus
717 2078 889 2188 supplices
906 2091 951 2164 ad
970 2090 1103 2163 coelum

116 2212 260 2284 tendere
273 2241 295 2297 ;=a
312 2211 460 2286 miserari
491 2238 617 2311 parvos
652 2213 803 2298 liber0s3
833 2211 997 2310 rogitare,
1024 2237 1103 2284 om·

118 2332 177 2406 nia
204 2355 352 2431 pavere3
378 2332 538 2432 superbia
571 2353 677 2430 atque
705 2331 838 2408 deliciis
871 2332 1013 2423 umidis,
1041 2331 1104 2408 fibi

120 2453 307 2554 patriaque
323 2454 494 2528 diffidere.
546 2459 596 2528 At
618 2454 778 2528 Catilinae
801 2453 950 2528 crudelis
967 2454 1106 2528 animus
1132 2451 1137 2462 ’

121 2577 238 2682 eadem
255 2577 315 2650 illa
333 2579 524 2650 movebat:
549 2597 668 2650 tamen
685 2579 743 2650 etsr
758 2573 912 2673 praefidia
935 2579 1104 2672 paraban-

122 2715 199 2782 tur;
234 2701 267 2771 ἃ
284 2694 356 2795 ipse
373 2698 452 2796 lege
468 2697 604 2770 Plautia
621 2697 851 2794 interrogatus
869 2699 914 2770 ab
936 2699 983 2771 L.
1001 2699 1106 2770 Paul-

125 2817 170 2889 lo.
215 2817 397 2892 Postremo
425 2817 660 2892 diffimulandi
683 2818 810 2906 causs'a,
845 2805 1020 2913 atque'sui
1037 2840 1106 2890 „ex-

125 2939 309 3038 purgandi,
329 2939 424 3013 sicuti
435 2937 556 3038 jurgio
574 2939 741 3012 lacesfitus
757 2935 857 3026 foret,
887 2936 923 3008 in
941 2939 1107 3014 Senatum

125 3060 226 3134 venit.
278 3062 378 3134 Tum
394 3063 452 3134 M.-
469 3059 610 3133 Tullius
632 3057 776 3149 Consul,
799 3062 867 3132 five
892 3056 1109 3155 praesentiam

124 3178 189 3277 ejus
208 3181 352 3273 timens,
379 3181 439 3256 seu
463 3181 512 3254 ira
541 3201 740 3256 commotus
758 3179 960 3276 ¹'orationem
986 3181 1110 3256 habuit

124 3302 338 3378 luculentam
356 3323 461 3402 atque
476 3302 599 3388 ¹utilem
613 3301 816 3399 reipublicae
834 3329 842 3374 ε
864 3328 972 3400 quam
991 3301 1110 3397 postea

125 3419 282 3523 scriptam
306 3423 427 3519 edidit.
478 3424 560 3514 sed,
595 3425 658 3496 ubi
688 3422 745 3495 ille
780 3420 925 3511 adsedit,
945 3420 1109 3512 Catilina,

126 3563 163 3616 ut
178 3565 250 3619 erat
278 3565 420 3643 paratus
446 3546 492 3617 ad
521 3544 767 3618 diffimulanda
795 3545 926 3632 omnia,
961 3540 1119 3631 demiffos

127 3667 235 3758 voltu,
255 3692 344 3741 voce
356 3665 503 3764 supplici
521 3665 708 3763 postulare,
737 3671 765 3706 “
783 3666 898 3738 Patres
916 3650 1112 3762 Conscripti

50 3885 52 3892 s
128 3788 215 3862 “ne
244 3787 410 3891 quidde
441 3785 474 3861 se
503 3807 635 3862 temere
664 3787 867 3860 crederent:
905 3809 945 3858 ea
981 3781 1113 3860 familia
1231 3825 1234 3832 ·
