2664 4692
301 255 845 387 Hispaniama-1.
1035 323 1102 417 189

122 477 232 574 mala,
248 489 342 582 quast
360 485 508 578 fulmen,
523 508 655 586 optare,
674 486 865 588 [equisque
882 513 925 560 ne
942 490 1105 590 attingam

120 603 185 676 sed
217 603 417 701 prohibere,
453 633 498 681 ne
525 608 643 682 conari
684 609 839 707 quidem.
903 609 951 682 Et
991 611 1104 708 quaeso

122 727 352 818 confiderate,
373 753 479 826 quam
498 719 658 802 conversa
676 755 788 802 rerum
804 749 926 804 natura
944 735 992 804 srt.
1030 739 1105 805 An-

119 869 180 922 tea
214 851 350 938 malum
381 850 563 947 publicum
590 850 738 940 occulte,
766 849 895 922 auxilia
921 851 1035 946 palam
1053 851 1105 923 in·

123 953 361 1061 struebantur,
397 975 431 1044 &
462 997 503 1044 eo
529 972 612 1045 boni
642 973 754 1044 malos
783 971 883 1044 facile
900 970 1102 1044 anteibant:

123 1117 223 1166 nunc
247 1073 330 1188 pax,
361 1091 546 1164 concordia
562 1091 793 1166 disturbantur
812 1094 950 1188 palam3
981 1091 1103 1166 defen-

121 1212 258 1284 duntur
291 1213 438 1285 occulte.
488 1213 625 1311 Qubus
653 1213 712 1285 illa
745 1215 896 1310 placent,
931 1213 969 1285 in
1001 1215 1107 1287 armis

119 1325 227 1404 sunt:
260 1359 322 1405 vos
339 1331 375 1404 in
394 1353 501 1406 metu.
551 1333 648 1430 Qrid
666 1333 895 1430 exspedlatis?
927 1333 987 1406 nifi
1015 1333 1105 1408 forte

124 1453 250 1550 pudet,
279 1474 339 1526 aut
357 1453 452 1552 piget
467 1456 557 1526 rede
576 1453 697 1526 facere.
749 1458 808 1526 An
841 1453 970 1550 Lepidi
1004 1479 1104 1526 man·

123 1573 207 1646 data
224 1574 361 1646 animos
380 1578 553 1647 movent?
586 1574 647 1672 qui
666 1576 800 1670 placere
817 1573 877 1663 ait,
901 1572 960 1662 sua
976 1575 1105 1672 cuique

126 1695 227 1768 re'ddi
241 1725 252 1781 3
278 1687 311 1766 dc
341 1695 452 1767 aliena
478 1715 589 1768 tenet:
616 1695 699 1768 belli
716 1693 801 1794 jura·
821 1693 991 1781 rescindi;
1022 1704 1104 1770 cum

124 1813 196 1912 ipse
223 1815 326 1889 armis
355 1836 482 1914 cogat:
514 1797 691 1888 civitatem
726 1808 937 1904 confirmari,
976 1817 1104 1913 quibus
1168 1857 1170 1863 ι

123 1937 303 2010 ademtam
321 1958 448 2035 negat:
482 1935 677 2010 concordiae
696 1935 803 2034 gratia
827 1935 939 2032 plebei
959 1935 1103 2008 tribuni·

122 2057 220 2130 ciam
244 2058 443 2153 potestatem
462 2055 604 2145 restitui,
629 2081 672 2128 ex
698 2082 768 2154 qua
784 2081 905 2128 omnes
922 2054 1103 2129 discordiae

10 2219 12 2242 r
121 2169 291 2251 accensae.¹
304 2181 464 2251 Pelsume
480 2177 641 2250 omnium
658 2197 763 2274 atque
780 2175 1102 2274 impudentiffiune,

123 2289 238 2372 tibine¹
251 2299 381 2398 egestas
397 2298 546 2389 civium,
570 2304 603 2373 &
627 2301 737 2372 tuctus
750 2325 841 2372 curae
858 2297 947 2386 sunt,
971 2297 1028 2370 cui
1050 2297 1103 2369 ni-

122 2421 172 2493 hil
190 2420 240 2494 est
258 2419 371 2510 domi,
390 2419 450 2492 nifi
466 2419 568 2492 armis
587 2441 739 2517 parturn,
761 2440 819 2492 aut
837 2417 1101 2516 perinjurium?

10 2621 11 2624 Ἴ
121 2542 273 2613 alterum
296 2534 512 2617 consulatum
529 2542 630 2638 petis,
659 2545 751 2637 quasi
770 2540 925 2637 primurn
941 2539 1101 2612 reddide-

114 2662 193 2748 ris:
230 2661 325 2735 bello
355 2661 578 2734 concordiam
596 2659 735 2758 quaeris,
761 2685 832 2756 quo
856 2677 953 2755 parta
976 2657 1107 2757 distur·
1135 2661 1137 2664 ’

15 2828 17 2837 ,
122 2785 224 2857 batur
241 2811 249 2855 :
275 2781 380 2854 nostri
399 2779 652 2880 proditor,'istis
669 2780 811 2868 infidus,
827 2777 929 2850 hostis
942 2775 1103 2852 omnium

124 2905 310 2976 bonorum.
336 2905 390 2976 Ut
408 2923 443 2976 to
461 2928 574 3004 neque
591 2900 790 2990 hominum,
809 2922 923 2996 neque
939 2898 1103 2988 deorum,

123 3025 246 3120 pudet,
261 3049 349 3121 quos
367 3025 566 3120 perfidem,
584 3042 644 3095 aut
673 3019 820 3119 perjurio
838 3018 987 3094 violasti!
1014 3019 1102 3118 Qi,

124 3146 268 3242 quando
297 3143 374 3217 talis
403 3171 451 3235 es,
482 3169 620 3218 maneas
637 3144 673 3218 in
690 3141 868 3232 sententia,
896 3147 928 3215 ac
957 3141 1103 3214 retineas

123 3291 232 3356 arma,
263 3285 298 3338 te
324 3267 464 3338 hortor:
490 3291 557 3338 neu
581 3265 789 3361 prolatandis
808 3262 1032 3336 seditionibus
1051 3261 1103 3333 in·

125 3385 221 3483 quies
240 3385 322 3482 ipse,
337 3409 402 3458 nos
419 3383 455 3456 in
471 3383 688 3458 solicitudine
712 3383 867 3458 attinens.
917 3363 1045 3478 Neque
1068 3401 1104 3454 te

10 3579 11 3600 ,
125 3505 332 3602 provinciae,
356 3531 471 3603 neque
489 3507 596 3606 leget,
622 3529 736 3603 neque
759 3503 806 3576 dii
833 3522 973 3600 penates
988 3501 1103 3575 civem

10 3609 11 3620 ἵ
124 3627 314 3724 patiuntur.
364 3629 490 3724 Perge,
517 3651 585 3724 qua
603 3624 749 3721 coepisti,
775 3645 815 3697 ut
838 3649 945 3722 quarn
973 3643 1102 3697 matur-

10 3771 12 3854 ξ
126 3771 225 3826 rome
250 3745 373 3831 merita
393 3745 561 3831 invenias.
590 3835 592 3840 ,
612 3747 683 3820 Vos
702 3764 832 3834 autem,
856 3745 896 3815 P.
913 3743 955 3822 C.
975 3743 1102 3842 quous·
