2672 4682
391 335 741 434 ¹Joconrnn.
1035 341 1096 439 ,63

102 533 224 598 rerum
242 511 456 588 mutationes
474 515 623 609 caedem,
641 507 779 614 fugam,
810 510 947 610 aliaque
962 509 1103 591 hostilia
1127 601 1129 606 ¹

107 628 347 736 ponenda‘nu
389 634 535 709 Frustra·
577 655 694 710 autem
734 633 812 726 niti,
855 658 969 731 neque
1005 626 1100 710 aliud

106 757 310 858 fatigandO,
329 754 390 828 nifi
408 755 546 848 odium,
582 767 750 856 quaerele,
778 756 1099 830 extremaedemen-

107 879 163 954 tiae
186 879 252 954 est.
303 877 380 950 Nifi
407 876 496 953 forte
509 864 630 976 ¹quem
648 876 828 950 inhonesta
854 881 887 949 &
913 876 1102 972 pernicioso

106 1000 237 1074 lubido
271 1017 381 1089 tenet,
419 1000 585 1096 potentiae
620 1023 815 1099 paucorum
849 997 957 1071 decus
992 1018 1098 1097 atque

107 1122 312 1195 libertatem
329 1118 427 1194 suam
447 1121 644 1219 gratificari.

157 1245 225 1316 tv.
251 1244 454 1316 Coretum
488 1267 533 1316 ex
557 1243 631 1316 aliis
653 1232 817 1342 negotiis,
849 1268 928 1340 quae
957 1240 1102 1340 ingenio

107 1383 333 1453 exercentur,
365 1363 402 1436 in
438 1363 558 1460 primis
584 1390 716 1463 magno
745 1363 821 1437 ufui
849 1364 898 1436 est
932 1361 1102 1436 memoria
1157 1455 1162 1464 ἱ

11 1509 15 1524 ·
109 1507 228 1558 terum
262 1484 463 1584 gestarum:
487 1483 597 1583 *cujus
630 1487 675 1558 de
706 1484 844 1575 virtute,
881 1483 965 1582 quia
998 1481 1102 1556 multi

109 1606 247 1696 dixere,
278 1607 559 1703 pretereundum
577 1625 688 1703 put03
721 1607 834 1696 fimul,
866 1630 910 1678 ne
929 1631 991 1703 per
1010 1605 1099 1678 inso-

112 1727 262 1801 lentiam
280 1725 357 1824 quis
375 1726 575 1816 existumet,
596 1746 741 1816 memet,
773 1725 929 1798 studium
953 1728 1100 1800 laudan-

87 1849 175 1938 ·do,
195 1849 373 1920 extollere.
424 1852 545 1946 Atque
572 1864 644 1947 'ego
670 1849 777 1922 credo
803 1847 889 1938 fore,
920 1845 995 1943 qui,
1019 1846 1103 1943 quia

109 1969 256 2044 decrevi
285 1969 407 2065 procul
440 1995 461 2042 a
488 1970 668 2067 republica
700 1987 841 2042 aetatem
859 1991 976 2066 agere,
992 1983 1102 2040 ’tanto

109 2109 264 2187 tamque
281 2087 356 2161 utili
371 2089 480 2164 labori
498 2115 579 2164 meo
596 2087 727 2163 nomen
744 2087 873 2162 inertiae
895 2088 1097 2186 imponant:

111 2230 224 2300 certe,
243 2209 369 2308 quibus
388 2238 557 2286 maxuma
579 2212 746 2286 industria
775 2211 928 2312 videtur,
956 2209 1099 2284 salutare

113 2333 273 2430 plebem,
306 2335 340 2405 δε
370 2333 541 2407 conviviis
576 2335 731 2434 gratiam·
746 2359 911 2433 quaerere.
963 2333 1046 2431 ‚Qri
1079 2314 1102 2408 fi'

111 2452 366 2553 reputaverint,
390 2457 424 2528 ὅτ
447 2455 575 2554 quibus
598 2481 666 2556 ego
687 2455 903 2554 temporibus
920 2453 1103 2553 magistra·
1213 2474 1222 2494 ¹

112 2592 169 2647 tus
185 2575 336 2674 adeptus
353 2571 445 2667 sum,
468 2577 506 2649 δι
530 2579 649 2676 quales
669 2577 734 2650 viri
761 2578 858 2650 idem
882 2573 1022 2672 adsequi
1040 2599 1102 2648 ne·

114 2695 309 2794 quiverint,
334 2702 368 2771 le
389 2698 509 2796 postea
534 2725 613 2796 quae
637 2723 762 2796 genera
786 2696 974 2768 hominum
996 2695 1033 2766 in
1051 2693 1102 2767 se-

114 2837 237 2891 natum
263 2819 504 2916 pervenerint3
538 2818 695 2918 profecto
734 2818 1007 2904 existumabunt,
1043 2837 1103 2889 me

82 2925 89 2932 ⁸
113 2939 228 3038 magis
246 2940 385 3031 merito,
405 2967 512 3040 quam
535 2940 688 3040 ignavia,
709 2936 884 3038 judicium
900 2937 1009 3011 ¹animi
1024 2959 1103 3012 mu-

111 3061 250 3151 taviffe,
276 3059 456 3160 majusque
478 3063 709 3136 commodum
728 3087 773 3135 ex
790 3060 863 3134 otio
880 3085 974 3152 meo,
994 3085 1103 3158 qnam

111 3205 157 3256 ex
184 3180 338 3256 aliorum
364 3183 515 3282 negotiis
533 3183 734 3283 reipublice
752 3203 953 3257 venturum.
1004 3183 1103 3256 Nam

112 3299 205 3402 saepe
223 3303 358 3394 audivi,
385 3307 683 3403 QNlaxumum,
703 3307 747 3378 P.
768 3304 983 3403 Scipionem,
1014 3327 1104 3399 prae·

113 3439 207 3497 terea
233 3424 381 3499 civitatis
409 3425 531 3500 nostrae
555 3427 755 3526 preclaros„
770 3427 865 3502 viros
905 3424 1021 3498 solitos
1057 3419 1107 3496 ita

114 3545 244 3639 dicere,
285 3573 371 3621 cun
410 3571 606 3642 MAJonnM
643 3573 842 3622 innormis
875 3567 1103 3632 mronnuu·

115 3691 211 3758 ron,
244 3693 614 3744 vennnrnrrsstruo
635 3696 713 3743 stur
735 3691 913 3744 Animum
934 3687 989 3737 no
1013 3687 1102 3738 vm·

110 3813 260 3865 'rorem
282 3814 476 3866 Acetum.
527 3789 666 3865 Scilicet
682 3817 754 3866 non
772 3811 888 3866 ceram
904 3786 1016 3878 illam,
1042 3809 1104 3860 ne·
