2668 4698
255 307 325 403 298
423 302 567 376 Poncrr
593 301 803 374 Laraoms
826 297 1105 374 Dacctuarto

255 474 454 564 libidinum,
486 471 578 548 socio
618 471 855 549 maximorum
893 469 1144 568 periculorum,
1173 472 1231 547 cui

251 591 405 694 spedato
421 592 615 692 frequenter
632 591 669 666 in
691 590 904 668 difficillimis
924 592 1040 686 rebus,
1058 590 1232 666 summam

164 779 168 786 .
253 709 453 814 hujusmodi
480 709 675 789 atrocissimi
697 712 781 788 mali
809 731 886 786 tuto
909 711 1083 786 committi
1117 716 1231 810 poffe,

255 835 422 912 facillime
442 833 503 908 srbi
520 834 758 931 pollicebatur.
808 835 977 908 Praeterea
997 834 1147 906 domum
1170 834 1233 908 fibi

252 953 481 1054 deligendam
502 955 568 1028 effe
582 951 764 1051 judicabat
780 951 961 1028 solitudine
985 954 1146 1028 locorum
1169 955 1232 1028 de·

252 1075 389 1166 sertarn,
415 1080 448 1148 δι
477 1076 523 1148 ab
538 1073 637 1149 omni
661 1072 854 1174 frequentia
871 1072 1029 1171 populari
1049 1074 1231 1148 remotiffi·

255 1221 366 1286 mam,
402 1221 479 1293 quae
505 1189 635 1270 scilicet
667 1219 770 1270 voces
800 1191 1043 1291 conjurationis
1069 1189 1233 1270 tutiffime

255 1314 434 1390 continere
458 1313 579 1413 posset.
639 1314 796 1390 Contulit
818 1313 925 1413 igitur
955 1311 1021 1390 sese
1054 1314 1091 1388 in
1123 1315 1232 1412 ipsam

254 1435 313 1512 M.
338 1435 456 1510 Laecae
476 1435 639 1526 domum,
677 1457 849 1510 remotam
884 1437 931 1510 ab
959 1435 1056 1508 omni
1087 1435 1232 1510 celebri·

255 1575 340 1647 tate,
377 1555 602 1654 constipatam
633 1555 856 1630 multitudine
882 1553 1171 1646 arbuscularum,
1201 1561 1232 1630 dt
1315 1650 1319 1662 ‚

254 1679 301 1752 ab
319 1676 417 1751 omni
433 1675 624 1775 suspicione
640 1675 812 1774 prodendi
833 1675 993 1752 facinoris
1009 1703 1081 1750 non
1098 1677 1233 1752 medio-

142 1893 144 1898 ¹
257 1798 358 1874 criter
392 1800 651 1874 abhorrentem.
713 1801 814 1896 Qos
848 1823 933 1872 vero
966 1798 1152 1872 tetenderit
1185 1798 1234 1874 ibi

255 1917 504 2016 conjurationis
520 1920 674 2016 laqueos,
693 1939 753 1992 aut
785 1943 871 2016 quas
900 1939 1034 1992 catenas
1067 1915 1236 1993 scelerum

254 2038 460 2116 conflaverit
476 2039 576 2114 nobis
593 2065 633 2114 ac
650 2035 871 2114 facultatibus
903 2039 1039 2129 nostris,
1069 2041 1234 2114 Saturna·

256 2160 344 2236 lium
371 2160 445 2234 dies
477 2157 688 2257 patesadiura
703 2159 828 2252 suerat,
856 2159 921 2234 nili
936 2159 1090 2257 primum
1109 2161 1232 2260 benig·
1318 2159 1319 2232 ζ

256 2281 364 2354 nitate
396 2275 556 2354 Deorum
589 2279 853 2370 immortalium,
889 2279 1018 2354 deinde
1052 2278 1235 2378 vigilantia

256 2394 440 2490 consulari,
463 2396 606 2476 nesariae
624 2403 698 2476 ficae
715 2401 761 2473 de
777 2401 938 2476 manibus
964 2403 1140 2474 latronum
1171 2427 1235 2475 ex·

257 2519 425 2598 cidiffent.
475 2522 601 2596 Nullas
626 2520 777 2619 amplius
794 2520 985 2596 tendiculas
1014 2519 1233 2618 pertimesca-
1317 2527 1318 2558 l

254 2669 336 2718 mus
365 2644 410 2718 ab
437 2641 622 2718 execrabili
651 2641 832 2728 monstr03
872 2643 983 2716 nullas
1015 2641 1156 2716 infidias
1191 2646 1234 2717 ab

255 2764 354 2838 hoste
379 2762 578 2838 teterrimo:
605 2781 739 2836 tenetur
764 2760 849 2853 fera,
879 2787 958 2852 nec,
994 2766 1018 2835 fi
1048 2761 1115 2836 viri
1142 2763 1232 2855 estis,

254 2873 468 2958 declinatura
495 2883 544 2956 est
576 2885 686 2957 telum
711 2879 825 2980 ipsum
853 2872 1069 2959 sacrosancta
1111 2884 1230 2960 v'estrae

256 3002 462 3078 autoritatis.
812 2989 821 3000 ’

303 3125 404 3200 XVI.
446 3125 549 3198 Neve
587 3124 738 3198 Catilina
775 3121 916 3215 nescias,
956 3123 1234 3223 vigilantiffimos
1266 3193 1272 3202 ,

255 3238 412 3327 consules
439 3245 567 3318 habere
595 3248 727 3342 Remp,
763 3264 797 3318 te
831 3263 1045 3343 quocunque
1084 3247 1231 3336 veneris,

218 3359 220 3384 ¹
255 3389 469 3464 quocunque
497 3363 632 3454 abieris,
672 3363 853 3464 diligentia
876 3366 993 3440 nostra
1021 3355 1234 3464 circumsep-

255 3505 333 3562 tum
353 3484 483 3560 teneri:
511 3483 598 3582 quid
615 3484 772 3558 hesterna
787 3488 891 3559 nocte
913 3485 1155 3562 conciunculis
1171 3485 1235 3560 tuis

256 3607 427 3705 agitatum
447 3609 498 3696 fit,
527 3603 609 3679 licet
630 3629 771 3678 mecum
788 3605 1025 3706 recognoscas.
1076 3608 1175 3682 Cum
1187 3606 1234 3690 ‚ad

255 3725 326 3800 M:
342 3729 487 3804 Laecam
512 3725 669 3816 venisses,
699 3752 810 3802 unum
839 3751 892 3800 ex·
908 3725 1112 3803 fideh'lsrmis
1138 3753 1233 3802 com·
