2664 4692
240 291 308 366 186
504 289 800 364 Snnrusrrr
844 287 1005 360 Hrsr.
1085 360 1089 371 x

235 486 308 535 non
337 459 401 534 suit
431 461 612 534 confilium
637 460 785 558 privatas
812 485 903 557 opes,
921 457 1060 542 sacere;
1082 454 1218 554 potior·
1311 449 1312 452 ¹

235 607 304 678 que
335 579 404 654 visa
432 581 482 654 est
512 581 696 678 periculosa
730 580 883 671 libertas,
920 579 1039 678 quieto
1066 578 1219 652 servitio.

150 757 152 762 -
234 705 324 800 Qrae
343 705 365 774 sr
384 700 549 800 probatis,
566 701 682 774 adeste
698 701 863 799 Qrirites,
895 706 928 774 tc
948 703 1037 774 bene
1057 697 1216 797 juvanti-

235 825 302 898 bus
320 822 400 912 diis,
418 825 475 896 M.
494 821 684 896 AEmilium
701 820 902 911 Consulem,
921 822 1048 895 ducem
1064 825 1115 896 ,bt⁴
1130 846 1214 894 auc·

235 964 350 1016 torem
366 941 549 1041 sequimini
568 943 613 1016 ad
630 941 875 1040 recipiundam,
886 942 1091 1014 libertatem.

282 1067 388 1138 Tunc
403 1049 497 1137 ¹vero
515 1063 674 1161 deposci,
709 1089 793 1136 cum
810 1061 915 1136 ceteri
932 1061 1083 1160 ejusdem
1115 1061 1217 1136 causa

234 1187 362 1262 ducem
390 1183 525 1258 senatus
552 1183 630 1274 rati,
654 1209 823 1258 maxumo
842 1183 970 1282 gaudio
988 1184 1121 1260 bellum
1139 1183 1215 1256 irri-

234 1327 317 1380 tare.
374 1305 506 1391 Nonius,
531 1309 672 1391 irritare,
691 1325 872 1402 provocare.

284 1426 475 1502 Curionem
493 1426 662 1524 quaefivit,
680 1426 732 1500 uti
749 1409 1012 1515 adolescentior,
1047 1430 1081 1499 ὅτ
1098 1451 1214 1524 popu·

235 1545 261 1620 li
288 1545 458 1646 suffragiis
487 1548 634 1646 integer,
666 1547 758 1622 aetati
791 1545 996 1622 concederet
1024 1547 1213 1642 Mamerci.

235 1669 419 1762 Priscianus
444 1668 506 1742 lib.
529 1695 564 1742 x.

285 1789 483 1888 Philippus,
523 1789 584 1888 qui
609 1808 708 1862 aetate
739 1793 772 1862 δε
801 1786 941 1860 consilio
959 1807 1088 1860 ceteros
1106 1789 1217 1862 antei·

138 1999 141 2010 Ι
236 1911 309 1984 bat.
360 1911 490 1982 Servios
510 1911 533 1982 l.
557 1935 610 1983 11.
1067 1909 1070 1914 ’

287 2055 439 2102 onArro
458 2031 503 2101 L.
520 2031 774 2104 PHILLIPPI
794 2053 955 2104 cournn
977 2011 1172 2103 carinum.

285 2153 461 2224 Maxume
493 2151 635 2240 vellem,
665 2153 705 2223 P.
736 2152 777 2223 C.
806 2175 918 2247 remp.
949 2149 1103 2248 quietam
1131 2153 1213 2241 effe,

237 2291 296 2346 aut
324 2270 362 2342 in
392 2270 551 2367 periculis
579 2297 600 2344 a
626 2270 865 2369 promtiffumo
884 2295 1026 2368 quoque
1047 2271 1187 2346 defendi
1199 2302 1210 2359 ;

236 2390 388 2488 denique
421 2416 526 2488 prava
554 2389 694 2488 incepta
720 2389 972 2466 consultoribus
1004 2377 1107 2466 noicae
1135 2395 1212 2466 effe.

236 2511 306 2586 Sed
321 2531 439 2586 contra
455 2510 679 2607 seditionibus
697 2511 817 2586 omnia
833 2515 970 2586 turbata
978 2509 1076 2603 sunt,
1112 2519 1146 2588 δε
1168 2516 1211 2588 ab

235 2631 290 2724 iis,
306 2660 392 2732 quos
411 2633 595 2732 prohibere
612 2633 726 2734 magis¹
740 2634 903 2707 decebat:
931 2633 1123 2731 postrem0,¹
1133 2660 1211 2731 ‘thae

237 2754 384 2851 pessumi
415 2760 448 2828 dc
478 2755 676 2830 stultissumi
693 2756 888 2844 decrevere,
917 2781 957 2828 ea
982 2755 1084 2828 bonis
1111 2755 1209 2830 &sa-

237 2873 413 2970 pientibus
430 2873 591 2950 faciunda
606 2875 695 2948 sunt.
745 2878 842 2948 Nam
860 2877 1007 2966 bellum,
1030 2899 1138 2973 atque
1159 2903 1209 2949 ar·
1311 2927 1312 2946 r

236 3019 309 3082 ma,
329 3020 545 3093 quamquam
560 2996 669 3070 ‘vobis
686 2995 808 3085 invisa,
827 3017 958 3086 tamen,
978 2997 1060 3093 quia
1075 2997 1211 3094 Lepido

238 3115 390 3212 placent,
408 3113 575 3188 sumenda
591 3114 680 3189 sunt.
715 3115 790 3189 Nisr
807 3116 895 3189 sorte
911 3117 968 3189 cui
987 3143 1109 3214 pacem
1127 3143 1208 3215 prae-

235 3234 335 3326 stare,
356 3241 389 3309 dc
408 3236 541 3308 bellum
558 3235 628 3332 pati
645 3236 827 3310 confilium
844 3236 902 3309 est.
944 3239 1028 3328 Pru,
1047 3217 1096 3311 dii
1113 3237 1207 3329 boni,
1311 3217 1312 3224 ἵ

238 3356 298 3455 qui
326 3357 415 3432 hanc
441 3359 566 3430 urbem
593 3357 714 3430 omissa
743 3382 824 3430 cura
846 3359 960 3430 adhuc
987 3358 1128 3456 regitis3
1155 3361 1218 3432 M,
1311 3405 1312 3408 =

237 3477 417 3570 AEmilius,
445 3477 605 3552 omnium
634 3471 883 3575 flagitiosorum
917 3477 1126 3575 postremuS,
1155 3478 1210 3576 qui

239 3595 348 3696 pejor,
377 3625 421 3670 an
446 3597 608 3695 ignavior
630 3601 682 3687 fit,
706 3596 887 3670 deliberari
903 3625 975 3670 non
993 3598 1121 3696 potest,
1152 3624 1207 3672 ex·
1311 3595 1312 3644 t

238 3715 383 3818 ercitum
400 3716 648 3815 opprimundae.
663 3717 828 3792 libertatis
845 3719 962 3810 habet,
991 3723 1024 3792 ὅτ
1042 3717 1075 3793 se
1093 3745 1112 3792 e
1130 3744 1207 3815 corr·
