2662 4686
168 378 170 391 ¹
266 385 335 460 180
530 379 832 454 Saasussu
876 373 1042 448 Hrsr.

263 579 363 644 nurn,
390 550 449 626 nifi
479 577 556 654 quae
572 576 593 622 a
609 548 795 647 paludibus
813 547 907 622 invia
923 546 1002 638 suit,
1033 541 1239 644 perdomita.

263 669 430 770 Optumis
461 691 577 745 autem
593 665 758 744 ¹moribus
787 675 821 743 δι
851 693 1019 742 maxuma
1050 666 1241 740 concordis

263 793 335 892 egit
354 794 504 890 populus
522 795 631 866 Rom.
650 791 740 864 inter
756 790 948 864 secundum
976 809 1083 887 atque
1110 787 1239 886 postre-

265 940 365 988 mum
382 914 515 986 bellum
532 911 824 1010 Carthaginiense.
853 911 1002 984 Viblnrin.
1020 911 1060 983 sd
1075 909 1239 1006 Augustini.

255 1049 258 1056 '
312 1043 362 1109 At
378 1031 561 1123 discordia,
581 1037 614 1106 δι
628 1033 782 1122 avaritia,
796 1052 901 1130 atque
918 1030 1077 1118 ambitio,
1103 1033 1136 1101 &
1151 1049 1240 1104 cete-

265 1181 303 1230 ra
330 1153 486 1230 secundis
505 1155 605 1226 rebus
623 1153 705 1226 oriri
722 1151 816 1226 sueta
832 1153 937 1242 mala,
957 1151 1033 1250 post
1058 1149 1240 1248 Carthagi-

263 1275 316 1350 nis
334 1273 527 1348 exscidium
545 1299 713 1348 maxume
730 1276 830 1348 ausla
844 1273 931 1346 sunt.
981 1275 1079 1347 Nam
1108 1269 1239 1368 injuriae
1269 1351 1283 1371 ,Ι
1319 1261 1320 1266 ¹

261 1394 486 1485 validiorum,
508 1401 541 1469 δι
561 1398 609 1468 ob
635 1421 689 1468 eas
714 1393 867 1468 disceffio
885 1393 998 1492 plebis
1027 1419 1047 1466 a
1072 1393 1238 1490 patribus,

262 1516 411 1613 aliaeque
427 1515 645 1590 diffenfiones
661 1514 758 1588 domi
781 1514 878 1588 suere
897 1512 973 1612 jam
997 1513 1079 1586 inde
1102 1540 1123 1586 a
1148 1513 1239 1612 prin-

259 1637 377 1734 cipio:
403 1663 516 1734 neque
533 1637 698 1733 amplius,
712 1663 819 1734 quam
836 1637 976 1734 regibus
992 1635 1139 1724 exadis,
1153 1638 1241 1708 dum

263 1778 375 1836 metus
403 1785 423 1831 a
450 1757 645 1855 Tarquinio
664 1761 697 1832 u
715 1757 848 1832 bellum
867 1781 972 1856 grave
993 1781 1076 1829 cum
1102 1757 1242 1829 Etruria

262 1882 412 1978 positum
429 1877 489 1968 est,
510 1903 612 1976 aequo
631 1883 663 1952 &
683 1877 839 1951 modesto
848 1875 928 1976 jure
944 1877 1136 1975 agitatum:
1159 1876 1241 1950 dein

261 1997 374 2072 servili
401 1997 551 2094 imperio
581 2018 693 2095 patres
728 2000 867 2096 plebem
893 2021 1063 2087 exercere,
1087 1998 1132 2071 de
1167 1998 1242 2072 vita

136 2215 142 2224 .
192 2096 196 2110 Ι
260 2139 365 2217 atque
391 2139 492 2218 tergo
520 2120 616 2218 regio
643 2145 743 2194 more
766 2118 961 2194 consulere:
990 2144 1075 2218 agro
1099 2120 1241 2216 pellere,

262 2244 311 2329 δι,
327 2237 446 2312 ceteris
457 2237 670 2335 expertibus,
688 2236 749 2311 soli
767 2239 802 2311 in
813 2239 958 2338 imperio
976 2265 1090 2338 agere.
1100 2240 1242 2338 Qubus

260 2356 413 2447 saevitiis,
441 2363 474 2436 ὃς
508 2385 675 2435 maxume
703 2357 845 2436 soenoris
872 2385 977 2436 onere
993 2363 1152 2458 opprefl'a
1169 2363 1241 2458 ple·

261 2481 337 2569 bes,
353 2505 436 2552 cum
455 2479 591 2552 affiduis
608 2479 706 2552 bellis
723 2477 892 2556 tributum
909 2481 1009 2552 simul
1028 2484 1062 2554 δι
1080 2480 1241 2554 militiam

259 2601 435 2688 toleraret,
461 2619 591 2682 armata
608 2601 766 2681 muntem
783 2599 918 2677 sacmtn
950 2621 1056 2698 atque
1090 2600 1240 2674 Aventi-

262 2749 349 2797 num
367 2721 499 2795 insedit.
541 2723 708 2820 Tumque
724 2722 900 2796 Tribunos
916 2722 1027 2820 plebis
1045 2725 1078 2794 δι
1096 2721 1164 2796 alia
1180 2721 1241 2796 fibi

254 2841 334 2942 jura
363 2842 509 2939 paravit.
547 2840 808 2916 Discordiarum
840 2847 873 2918 δι
904 2841 1102 2916 certaminis
1118 2843 1240 2918 utrim-

262 2989 330 3059 que
348 2962 426 3042 finis
443 2960 714 3042 suitsecundum
731 2964 863 3040 bellum
878 2963 1064 3039 Punicum.
1115 2965 1240 3062 Augus·
1275 3007 1278 3015 ·

261 3085 362 3154 tinus.

310 3202 516 3300 Postquam,
536 3225 673 3279 remoto
692 3225 789 3280 metu
805 3205 955 3298 Punic0,
980 3207 1163 3280 fimultates
1179 3231 1242 3279 ex·-
1319 3257 1320 3316 ,

260 3347 377 3406 escere
406 3347 559 3404 vacuum
587 3324 668 3416 suit,
703 3327 862 3425 plurimae
890 3331 1015 3418 turbae,
1046 3325 1242 3416 seditiones,

262 3449 295 3517 &
329 3445 374 3517 ad
408 3443 621 3540 postremum
650 3449 742 3520 bella
770 3448 886 3522 civilia
906 3469 992 3522 orta
1018 3447 1122 3520 sunt:
1154 3447 1242 3519 dum
1319 3445 1320 3500 3

261 3564 366 3660 pauci
389 3574 561 3661 potentes,
582 3591 732 3664 quorum
750 3567 786 3642 in
804 3566 912 3667 gratia
929 3569 1086 3666 plerique
1103 3563 1241 3642 conces·
1319 3525 1320 3640 l

259 3682 385 3774 serant,
403 3682 464 3758 sub
481 3685 624 3758 honesto
642 3707 782 3784 patrum
799 3710 858 3762 aut
876 3690 985 3786 plebis
1002 3688 1160 3777 nomine,
1178 3688 1242 3759 do

151 3835 153 3843 ¹
260 3802 370 3886 minat
371 3804 466 3885 iones
484 3805 715 3900 adnatabant,
735 3809 890 3908 bonique
908 3813 941 3884 &
959 3807 1089 3884 mali
1060 3833 1157 3888 cives
1177 3805 1240 3889 ad·
1319 3779 1320 3950 l
