2662 4686
324 314 332 333 ’
393 317 738 416 Juotrnrrrn.
1036 347 1099 425 171
1172 369 1173 376 κ

121 501 152 542 “
169 491 265 572 niam
284 495 444 594 poenitet,
469 495 586 570 delini
604 497 750 596 gratiam
765 495 858 570 facit.
909 496 1040 572 Foedus
1070 507 1103 576 δι

121 617 324 693 “amicitia
340 619 528 708 dabuntur,
555 643 638 692 cum
661 619 861 692 meruerit.”

171 741 247 814 CV.
273 743 378 838 Qus
409 743 513 816 rebus
531 740 694 839 cognitis,
724 740 883 813 Bocchus
901 766 963 836 per
978 740 1105 814 litteras

120 887 144 934 a
171 860 291 936 Mario
308 859 446 957 petivit,
469 861 521 934 uti
547 861 678 934 Sullam
696 859 790 934 adse
809 859 986 948 mitteret3
1010 859 1108 958 cujus

120 981 290 1056 arbitratu
322 983 369 1054 de
401 981 648 1056 communibus
684 981 830 1080 negotiis
859 954 1105 1056 consuleretur.

120 1103 154 1178 Is
169 1101 293 1178 mifl'us
311 1129 396 1178 cum
426 1103 585 1201 praefidio
611 1103 770 1201 equitum
798 1123 903 1201 atque
929 1101 1104 1201 pediturn,

119 1221 340 1297 funditorum
361 1223 582 1298 Balearium:
610 1244 773 1323 praterea
793 1223 957 1324 sagittarii
982 1229 1016 1298 ὅτ
1044 1249 1105 1298 1εο-

120 1346 201 1421 hors
218 1340 367 1444 Peligna
395 1371 479 1420 cum
508 1345 707 1420 velitaribus
737 1345 854 1437 armis,
880 1345 1008 1420 itineris
1025 1372 1106 1444 pro·

121 1466 264 1564 perandi
280 1469 394 1540 caussa
411 1496 419 1539 ε
448 1491 562 1566 neque
578 1466 631 1540 his
648 1467 756 1557 seem,
775 1487 881 1565 atque
897 1468 970 1541 aliis
986 1465 1104 1560 armiS,

121 1564 309 1662 advorsum
322 1587 390 1662 tela
403 1587 566 1678 hostium,
582 1590 681 1685 quod
694 1613 734 1660 ea
746 1589 838 1662 levia
861 1587 951 1678 sunt,
966 1589 1105 1664 muniti.

121 1709 190 1784 Sed
204 1707 341 1801 itinere,
360 1709 485 1806 quinto
501 1709 654 1807 denique
672 1708 750 1800 die,
769 1710 891 1782 Volux
908 1709 999 1782 filius
1015 1712 1104 1783 Boc-

122 1829 193 1920 chi,
216 1849 361 1927 repente
379 1829 416 1902 in
434 1831 566 1927 campis
584 1829 782 1928 patentibus
807 1855 890 1903 cum
912 1829 1009 1902 mille
1034 1857 1107 1906 non

121 1951 272 2050 amplius
301 1951 478 2050 equitibus
508 1949 575 2024 sese
608 1951 782 2024 ostendit:
821 1951 883 2049 qui
911 1937 1041 2026 temere
1070 1956 1105 2026 δι

15 2065 17 2070 ’
121 2071 229 2146 effuse
255 2093 372 2146 euntes
395 2071 499 2148 Sullae
517 2067 661 2170 aliisque
678 2070 842 2146 omnibus
861 2075 895 2145 &
919 2097 1106 2146 numerum

121 2191 329 2290 ampliorem
353 2219 450 2284 vem,
483 2199 517 2268 &
547 2193 707 2268 hostilem
737 2213 873 2267 metum
898 2193 1105 2268 efficiebant.

122 2301 237 2414 Igitur
253 2313 319 2388 sese
335 2314 479 2414 quisque
495 2315 673 2413 expedire,
704 2341 801 2390 arma
822 2335 927 2412 atque
943 2316 1012 2399 tela
1027 2335 1104 2388 ten-

121 2455 206 2528 tare,
240 2435 444 2512 intendere:
483 2437 589 2511 timor
612 2437 821 2535 aliquantus,
847 2434 906 2510 sed
928 2435 1003 2533 spes
1030 2463 1104 2510 arn-

121 2557 226 2654 plior,
251 2557 384 2656 quippe
406 2535 610 2649 vilioribus,
641 2557 885 2632 &advorsum
917 2583 989 2646 eos,
1016 2583 1105 2654 quos

121 2677 210 2777 saepe
227 2678 396 2752 vicerunt.
446 2681 593 2752 Interim
609 2678 756 2777 equites,
778 2678 1002 2774 exploratum
1015 2703 1105 2774 prae·

122 2800 224 2891 miffi,
252 2825 342 2892 rem,
369 2800 526 2890 utimar,
554 2797 708 2899 quietam
725 2798 903 2872 nunciant.
950 2829 952 2832 ·

169 2921 264 2994 CVI.
301 2924 443 2996 Vorux
469 2921 658 2994 adveniens
684 2919 905 3019 Quaestorem
928 2919 1102 3017 adpellata

122 3047 150 3086 “
167 3040 201 3116 se
226 3069 246 3115 a
272 3061 368 3140 patre
389 3045 529 3117 Boccho
555 3042 698 3117 obviam
722 3040 788 3116 illis
816 3042 931 3131 fimul,
957 3045 990 3114 δε
1016 3068 1105 3140 prae-

122 3171 149 3206 “
168 3163 254 3236 sidio
288 3163 466 3237 millum.''
528 3164 666 3238 Deinde
704 3190 786 3238 eum
821 3167 854 3236 δε
888 3187 1105 3260 proxumum

122 3283 219 3358 diem
243 3287 313 3360 fine
331 3303 429 3358 metu
453 3283 630 3384 conjuntti
647 3305 740 3358 eunt.
791 3284 888 3374 Post,
912 3283 974 3356 ubi
1000 3283 1106 3355 castra

122 3405 249 3497 locata,
274 3409 308 3478 δε
325 3406 382 3479 die
395 3403 516 3502 vesper
533 3425 618 3496 erat,
645 3424 786 3502 repente
802 3407 951 3478 Maurus
972 3401 1104 3475 incerto

122 3526 221 3599 voltu
238 3527 284 3602 ad
300 3529 433 3602 Sullam
446 3527 623 3601 adcurrit:
650 3535 676 3570 “
696 3527 757 3602 fibi
775 3553 820 3600 ex
831 3523 1105 3624 speculatoribus

123 3653 151 3689 “
168 3647 368 3756 cpgnitum‚
399 3650 614 3747 Jugurtham
649 3650 745 3722 haud
781 3648 906 3744 procul
933 3648 1045 3720 abelse
1062 3645 1104 3718 :'’

122 3768 236 3860 stmul‚
261 3769 312 3844 uti
333 3773 442 3846 noctu
476 3771 569 3846 clam
604 3767 721 3844 secum
759 3765 974 3866 profugeret,
1004 3786 1105 3865 rogat
