2668 4698
228 324 231 330 ¹
288 356 350 428 Da
376 357 513 430 Beato·
534 355 686 430 Ctvtnr.
713 345 769 430 Μ.
793 355 839 426 L.
856 357 891 428 S.
1021 361 1089 434 281

104 530 277 608 vitatibus
295 531 535 607 immunitates
560 531 788 632 vestigalium
811 531 923 622 dedit,
962 518 1110 613 multos

109 635 279 727 Romana
295 652 438 726 civitate
455 654 614 728 donavit.

111 787 121 802 ⁸
159 777 223 848 VI.
250 772 369 871 Hujus
400 777 587 848 attacum
613 795 760 850 conatur
782 776 942 874 Lepidus
968 775 1007 849 in
1032 775 1092 854 suo

104 892 291 970 consulatu
326 893 536 986 subvertere,
564 916 684 970 contra
717 899 889 997 collegam
923 899 1093 976 Catulum

104 1016 213 1091 ‚civile
240 1015 408 1114 proelium
439 1021 550 1116 gessit,
579 1023 612 1090 δι
643 1017 754 1092 vietus
780 1019 841 1094 cst.
892 1021 990 1092 Nam
1007 1043 1111 1094 con-=

107 1137 262 1237 gregatis
291 1137 344 1226 iis,
370 1137 406 1210 in
435 1134 590 1236 quorum
617 1141 835 1236 possessiones
866 1165 978 1216 novos
995 1144 1092 1215 colo·

107 1285 173 1332 nos
198 1259 244 1332 de
260 1257 326 1332 suis
355 1258 524 1333 militibus
550 1261 643 1356 Sylla
661 1259 772 1333 vistot
788 1259 944 1353 immisit,
971 1288 1013 1336 ac
1031 1263 1114 1344 fibi.

107 1377 300 1478 conjunstis
330 1379 445 1454 liberis
474 1379 759 1480 proscriptorum,
791 1381 972 1480 ingentem
1007 1409 1092 1457 con·
1169 1421 1190 1426 ‘-

5 1589 6 1592 ¹
109 1501 272 1601 gregavit
286 1501 511 1576 'exercitumz
555 1501 770 1600 pollicendo,
810 1507 832 1576 s1
862 1503 1032 1595 vicissent,
1059 1505 1093 1579 se

106 1624 205 1696 bona
231 1621 342 1720 patria
374 1622 622 1696 restituturum.
672 1623 773 1698 Plebi
802 1650 959 1723 quoque,
998 1627 1091 1700 mul-

105 1743 151 1816 tis
175 1742 377 1819 muneribus
394 1743 536 1840 publice
555 1743 794 1842 privatimque
822 1745 965 1844 largitis,
992 1773 1093 1822 carus
1125 1727 1127 1734 ¹
1198 1833 1207 1846 ¹

5 1939 7 1946 ,
76 1892 78 1901 ·
107 1863 305 1954 videbatur,
331 1887 373 1940 ae
400 1863 550 1961 publica
570 1864 737 1938 libertatis
760 1852 909 1940 assertor.
960 1867 1028 1942 Sed
1054 1867 1091 1940 in

109 1975 256 2058 Etruria
284 1985 386 2064 litore
409 1985 595 2058 commisso
614 1985 741 2082 proelio
757 2008 911 2090 coeperat
931 1987 1091 2084 Lepidus
1114 2084 1117 2099 Α

104 2107 176 2180 effe
192 2104 347 2202 superior
365 2131 426 2204 per
452 2125 624 2180 armatam
649 2105 926 2202 multitudinem,
954 2133 1034 2206 quae
1051 2134 1091 2182 o·

104 2226 171 2300 dio
198 2253 315 2302 rerum
340 2229 576 2324 Syllanarum,
603 2226 637 2300 se
657 2226 790 2324 Lepidi
807 2227 961 2335 partibus
978 2229 1090 2328 appli-

108 2368 214 2424 catat.
277 2351 344 2422 Sed
378 2349 567 2446 Pompeius
598 2350 645 2421 de
679 2349 793 2426 Gallia
829 2349 979 2443 rediens,
1018 2377 1091 2426 non

105 2473 220 2570 passus
249 2471 299 2544 est
326 2469 457 2567 Lepidi
485 2468 667 2544 audaciam
692 2495 776 2544 cum
798 2471 948 2568 publicis
981 2475 1090 2547 detri-
1133 2473 1136 2478 ’

102 2593 230 2667 mentis
244 2593 396 2690 impune
413 2589 584 2664 bacchari.
634 2592 732 2665 Nam
749 2590 923 2689 fugientes
940 2591 1013 2690 ejus
1030 2621 1090 2677 co-

104 2715 180 2814 pias
197 2741 238 2788 ac
256 2711 290 2787 se
318 2713 536 2810 implicantes
560 2711 778 2786 festinatione
807 2711 1018 2804 formidinis,
1046 2714 1093 2788 ita

103 2835 307 2933 prostravit,
335 2854 374 2907 ut
391 2833 522 2932 majore
550 2857 697 2906 numero
715 2833 883 2930 privatus,
909 2833 946 2937 in
976 2835 1091 2908 Sardi.

105 2957 203 3042 niam
221 2953 427 3054 confugeret
441 2984 455 3046 ςΙ
479 2975 519 3028 ut
547 2954 718 3052 impedito
734 2975 949 3045 commeatu,
976 2957 1108 3054 popu-'

82 3069 182 3152 'lum
201 3053 410 3161 Romanbm
427 3074 585 3175 fatigaret
603 3077 735 3174 inopia,
762 3103 804 3150 ac
827 3074 903 3150 suas
930 3076 1020 3152 vires
1036 3105 1091 3152 ar-

105 3198 174 3276 mis
199 3196 377 3295 copiisque
392 3197 538 3272 &omni
556 3197 787 3272 instrumento
803 3201 971 3274 reficeret.
1023 3205 1098 3293 At*¹

107 3343 178 3417 que
195 3318 245 3392 ibi
269 3317 445 3392 contrario
471 3319 703 3414 Propraetore,
730 3319 830 3394 variis
855 3319 990 3418 proeliis
1012 3345 1091 3418 gra*
1142 3397 1147 3410 ,

107 3436 281 3536 tribusque
314 3437 488 3512 conflixit.
547 3440 645 3512 Nam
680 3439 904 3514 sollertissime
941 3441 1091 3512 tutando

108 3558 332 3658 provinciam
357 3558 485 3649 effecit,
512 3578 551 3632 ut
577 3561 709 3658 Lepidi
743 3561 884 3635 consilia
915 3585 1006 3633 vana
1038 3560 1091 3635 fo·

107 3701 196 3761 rent.
247 3678 420 3778 Undique
437 3679 532 3754 enirn
548 3681 758 3778 prohibitus,
787 3686 821 3756 δι
835 3681 1092 3760 munitionibus

105 3827 146 3888 ac
161 3799 351 3907 civitatum
367 3799 631 3916 expugnatione
648 3799 825 3902 depulsus,
852 3799 1012 3912 nequivit
1030 3828 1089 3888 co.
