2668 4698
237 355 300 432 De
320 358 456 450 ,Bauio
476 355 629 430 Crvtnr.
655 359 713 433 M.
730 359 777 431 L.
796 359 830 432 S.
981 315 1049 462 ¹277

57 550 194 624 magna
211 527 397 626 cupiditas,
416 529 463 602 ad
480 508 589 628 quem
607 531 799 628 petendum
817 523 956 628 paratus
983 529 1051 606 suf·
1118 589 1123 602 .

56 645 196 746 fragiis,
216 648 334 722 relicta
350 649 534 746 provincia
550 652 715 741 Metelle,
743 655 902 726 Romam
924 651 1047 726 venit:

55 767 183 866 ibique
199 770 244 842 de
261 769 403 842 Metelli
435 773 537 844 rebus
566 771 747 872 loquendo
765 771 975 869 corruptius,
1010 799 1050 846 ac
1148 824 1149 828 =

57 887 158 962 suam
177 891 382 964 extollendo
399 889 567 965 virtutem
584 891 699 970 effecit
714 891 849 966 animos
867 893 968 995 vulgi
989 919 1052 968 cu·

3 997 5 1008 ’
57 1011 165 1108 pidos
182 1011 362 1104 novitatis,
381 1011 535 1086 insnum
552 1013 740 1086 excitando
758 1011 930 1105 favorem,
951 1013 1049 1114 adju-

59 1131 229 1206 vantibus
246 1133 415 1208 Tribunis
431 1133 555 1232 plebis.
605 1135 702 1208 Nam
720 1150 938 1232 etl-tempore
961 1135 1052 1210 inter

58 1273 176 1352 patres
192 1281 233 1328 ac
252 1236 438 1352 populum,
457 1249 570 1328 studio
587 1253 851 1346 dominationis,
872 1276 970 1328 erant
988 1281 1050 1330 ex·
1151 1244 1155 1254 ¹

57 1375 167 1449 citata
184 1375 384 1450 certamina.
435 1377 488 1448 lta
504 1375 636 1477 sadum
652 1375 713 1466 est,
739 1396 779 1448 ut
805 1380 899 1474 quast
917 1377 953 1448 in
971 1403 1049 1474 per·

57 1494 192 1568 niciem
209 1496 412 1587 nobilitatis,
442 1523 551 1595 quarn
568 1497 739 1571 lacerabat
756 1496 903 1596 injuriis,
935 1498 1049 1596 llslari-

48 1643 99 1690 ..us
124 1615 227 1691 novis
254 1617 476 1692 extolleretur
493 1617 697 1692 honoribua
748 1621 872 1718 Itaque
896 1618 1049 1692 comitiis
1092 1689 1105 1718 ἢ,

58 1736 315 1834 consularibuS,
346 1737 528 1812 universus
559 1740 725 1836 populus,
756 1739 817 1838 qui
844 1741 889 1813 ad
919 1739 1051 1838 eligen-

58 1860 151 1934 dum
169 1839 562 1950 convenerat‚NIarium
575 1859 754 1934 consulem
764 1859 881 1959 juffit:
904 1865 1049 1958 &erep-

57 2001 94 2080 ta
125 1983 278 2054 Metello
305 1979 499 2080 provincia,
538 1981 574 2054 in
607 1981 822 2056 Numidiam
851 1981 970 2060 missus
991 1981 1051 2055 est.
1149 1975 1154 1986 ¹

109 2103 159 2175 Il.
185 2104 220 2174 Is
237 2124 383 2200 accepto
401 2100 594 2194 consulatu,
615 2107 710 2202 quasi
727 2102 878 2202 spolium
895 2101 1050 2176 vicioriae
1103 2180 1104 2186 ,
1172 2119 1181 2134 “

57 2221 227 2322 superatis
240 2213 398 2323 'patribus
416 2225 609 2299 ostentabat
624 2255 635 2314 ;
660 2244 848 2324 aperteque
876 2223 911 2297 se
928 2215 1051 2298 eorum

57 2341 230 2441 potentiae
249 2347 478 2441 profitebatur
491 2345 691 2430 adversum*
714 2349 782 2421 Sed
801 2373 883 2420 cum
900 2344 1051 2447 militem
1131 2423 1132 2430 χ

59 2491 197 2540 novum
213 2463 390 2558 scriberet,
419 2446 575 2565 primum
594 2461 756 2542 omnium
789 2467 902 2566 capite
933 2466 1052 2541 censos

61 2585 158 2660 cives
175 2585 373 2685 infidosque
389 2608 495 2686 atque
510 2587 650 2667 inutiles
683 2588 787 2662 duxit
815 2589 859 2660 ad
888 2587 1049 2673 bellum3

61 2727 100 2781 ut
135 2711 203 2782 hac
233 2709 365 2782 ratione
384 2735 478 2783 cum
506 2708 886 2807 publicodetrimento
915 2710 1052 2805 populo

63 2829 213 2926 gratiam
231 2831 402 2932 redderet,
426 2856 535 2928 aquo
551 2828 700 2928 speratos
729 2831 882 2931 honores
905 2846 1050 2928 accepe-
1085 2825 1098 2883 ἶ
1156 2877 1164 2886 -
1256 2831 1258 2843 “

3 3021 4 3030 ,
61 2971 125 3030 rat.
178 2952 277 3023 Nam
296 2952 447 3051 populus
472 2955 658 3026 Romanus
688 2977 750 3049 per
779 2952 896 3024 classes
921 2949 1051 3024 divisus

61 3091 145 3162 erat,
179 3075 214 3146 aa
244 3097 309 3168 pro
326 3070 528 3169 patrimonii
545 3069 710 3146 facultate
727 3071 938 3152 censebatur.
991 3076 1050 3148 Ex

59 3191 103 3264 iis
120 3218 259 3284 omnes,
280 3193 408 3290 quibus
425 3219 477 3266 res
495 3215 592 3283 erat,
610 3195 655 3266 ad
683 3193 841 3268 militiam
870 3194 1049 3270 duceban-

61 3333 129 3386 tur.
180 3313 382 3414 Diligenter
399 3313 493 3388 enim
512 3341 577 3411 pro
590 3314 736 3390 victoria
753 3315 969 3408 laborabant,
990 3313 1050 3411 qui

59 3459 105 3507 ex
122 3433 284 3509 libertate
300 3438 394 3510 bona
411 3435 557 3533 patriam
569 3433 817 3509 defendebant.
842 3437 898 3509 llli
914 3456 1047 3525 autem,

60 3554 192 3652 quibus
208 3557 314 3630 nullae
336 3583 420 3654 opes
438 3577 547 3647 erant,
562 3577 667 3655 caput
690 3543 804 3647 suum,
822 3557 920 3653 quod
937 3556 1049 3630 solum

60 3677 294 3770 poffidebant,
315 3676 562 3770 censebantur,
576 3683 609 3752 &
629 3676 712 3756 belli
728 3697 887 3772 tempore
905 3677 941 3748 in
957 3703 1049 3750 moe·

3 3817 4 3820 ’
60 3793 164 3878 nibus
182 3797 390 3907 residebant.
441 3799 559 3873 Facile
588 3798 683 3874 enim
715 3806 875 3896 poterant
905 3796 1049 3886 existere
1167 3841 1171 3852 π
