2662 4686
250 343 318 415 160
458 337 726 414 C.Ctt1sr1
760 337 1057 414 Santuartt

246 513 368 588 armati
385 513 613 613 inermesque.
664 514 773 611 Qrod
798 511 860 586 ubi
882 509 1023 602 accidit,
1057 535 1101 585 eo
1118 511 1232 586 acrius

247 635 404 708 Romani
433 635 573 724 instare,
599 633 758 724 sundere,
788 659 828 706 ac
858 630 1042 730 plerosque
1077 650 1233 706 tantum-

245 755 355 828 modo
377 754 540 845 sauciare,
566 753 648 828 dein
676 751 777 852 super
793 751 985 828 occisorum
1003 761 1153 849 corpora
1170 779 1232 826 va·
1275 761 1282 768 '

245 877 341 966 dere,
360 877 454 950 avidi
471 876 593 975 gloriae
609 893 778 950 certantes
797 899 939 948 murum
957 891 1086 970 petere,
1115 898 1241 971 neque-

247 1023 464 1096 quemquam
505 994 670 1070 omnium
702 995 819 1093 praeda
857 992 995 1068 morari.
1057 992 1114 1068 Sic
1145 993 1234 1067 forte

247 1120 400 1192 correda
435 1117 543 1192 Marii
576 1117 765 1206 temeritas,
793 1114 944 1214 gloriam
972 1139 1018 1188 ex
1044 1113 1149 1212 culpa
1179 1114 1232 1187 in-

246 1239 357 1314 venit.
805 1305 809 1312 .

295 1361 411 1435 XCV.
436 1361 635 1435 Caranum
664 1361 753 1434 dum
780 1381 889 1432 cares
907 1358 1049 1457 geritur,
1073 1355 1119 1432 L.
1138 1355 1234 1431 Sulla

247 1481 409 1580 Qraestor
437 1507 521 1555 cum
549 1507 682 1580 magno
714 1480 870 1579 equitatu
898 1479 936 1552 in
964 1478 1074 1553 castra
1108 1479 1231 1552 venit:
1261 1479 1265 1488 ’

247 1629 337 1700 quos
352 1603 402 1676 uti
422 1629 466 1676 ex
484 1603 590 1676 Latio
615 1609 649 1676 δι
674 1628 694 1674 a
716 1600 815 1675 sociis
844 1621 997 1700 cogeret,
1025 1604 1154 1676 Romae
1180 1627 1234 1674 re·

247 1724 348 1797 liclus
371 1744 455 1798 erat.
497 1725 566 1798 Sed
583 1723 750 1821 quoniam
767 1721 856 1794 tanti
873 1721 937 1795 viri
954 1747 1005 1794 res
1024 1721 1234 1806 admonuit;

246 1844 416 1920 idoneum
434 1842 547 1918 visum
565 1845 629 1934 est,
654 1846 700 1917 de
725 1864 848 1916 natura
874 1844 1040 1940 cultuque
1055 1839 1127 1938 ejus
1145 1867 1234 1940 pau·

247 1966 297 2040 cis
315 1967 442 2040 dicere.
492 1967 623 2062 Neque
641 1965 735 2038 enim
753 1965 821 2038 alio
838 1966 919 2038 loeo
941 1965 986 2037 de
1001 1963 1102 2036 Sullae
1125 1966 1236 2038 rebus

153 2071 156 2080 Ι
246 2087 373 2162 dicturi
389 2086 532 2168 sumus:
566 2091 599 2159 &
627 2089 674 2160 L.
692 2085 832 2159 Sisenna
848 2107 995 2183 optume
1019 2090 1051 2158 &
1079 2082 1235 2184 diligen·

168 2209 170 2214 ’
245 2207 387 2282 tillume
402 2205 578 2296 omnium,
606 2207 667 2304 qui
694 2232 750 2279 eas
783 2231 835 2280 res
858 2206 991 2296 dixere,
1020 2204 1234 2304 persecutus,

247 2353 370 2426 patum
404 2327 491 2400 mihi
520 2327 632 2400 libero
658 2353 719 2400 ore
749 2328 887 2400 locutus
918 2326 1070 2400 videtur.
1120 2328 1235 2426 Igitur

245 2449 340 2522 Sulla
359 2447 471 2547 gentis
490 2447 657 2544 patriciae‚
681 2447 813 2521 familia
839 2473 952 2545 prope
973 2445 1050 2545 jam
1067 2449 1236 2524 exstincta

245 2567 420 2669 majorum
454 2568 611 2668 ignavia,
641 2568 759 2642 litteris
797 2568 932 2643 Graecis·
963 2589 1071 2667 atque
1095 2569 1234 2644 Latinis

238 2687 345 2789 juxta
377 2710 484 2788 atque
507 2689 716 2764 doctissume
745 2689 914 2781 eruditus,
938 2691 1056 2764 animo
1083 2691 1234 2790 ingenti,

247 2812 395 2910 cupidus
424 2813 664 2910 voluptatum,
694 2806 755 2884 sed
788 2811 908 2910 gloriae
940 2811 1120 2910 cupidior:
1161 2812 1237 2886 otio

246 2931 446 3018 luxurios03
476 2953 594 3006 tamen
611 2936 659 3007 ab
674 2933 824 3031 negotiis
846 2958 1044 3031 numquam
1067 2934 1235 3030 voluptas

245 3073 432 3143 remorata,
465 3053 526 3126 nisr
560 3055 657 3151 quod
684 3054 730 3126 de
758 3079 870 3126 uxore
908 3053 1022 3150 potuit
1058 3055 1236 3128 honestius

131 3237 135 3254 ,
249 3171 405 3247 consuli:
446 3171 633 3264 facundus,
667 3173 830 3263 callidus,
857 3171 1069 3246 &amicitia
1098 3170 1235 3247 facilis:

123 3279 125 3287 ¹
247 3296 294 3368 ad
307 3294 500 3368 simulanda
516 3293 658 3392 negotia
673 3292 825 3366 altitudo
842 3292 976 3392 ingenii
993 3292 1209 3367 incredibilis
1226 3321 1235 3366 ε

246 3419 439 3490 multarum
467 3439 600 3504 rerum,
626 3439 666 3488 ac
692 3439 858 3488 maxume
894 3414 1051 3512 pecuniae
1081 3413 1237 3513 largitor.

247 3541 370 3636 Atque
386 3533 595 3610 felicissumo
612 3535 775 3609 omnium
785 3556 865 3610 ante
879 3534 1020 3608 civilem
1034 3533 1236 3625 vidoriatn,

247 3683 446 3756 numquam
474 3656 574 3755 super
601 3655 804 3730 industriam
829 3656 967 3730 fortuna
989 3655 1081 3729 fuit:
1114 3654 1238 3728 multi·

247 3804 317 3878 que
351 3763 569 3868 dubitavere,
595 3775 731 3869 sortior,
761 3803 806 3852 an
822 3759 965 3851 felicior
993 3777 1086 3852 esset.
1138 3777 1241 3851 Nam
