2664 4692
257 377 618 453 ancuaurn.
668 379 781 470 Lrp.
816 381 879 454 Ill.
1028 408 1095 460 211

163 555 274 654 Qrod
303 553 366 628 ubi
395 553 521 630 frustra
549 577 723 632 tentatum
752 556 813 648 est,
844 545 1018 634 socordius
1050 559 1101 636 ire

118 676 241 750 milites
259 703 457 774 occoepere,
473 703 545 752 non
562 679 652 776 aptis
670 677 787 768 armis,
801 697 841 750 ut
859 677 895 750 in
913 677 1098 776 principio,

117 799 302 872 &laxiore
324 798 477 897 agmine.
530 799 664 872 Nonius.

160 924 283 1018 Atque
295 945 384 992 eum
401 919 510 994 Curio
529 922 723 1010 laudatum,
741 916 996 1018 accensumque
1012 945 1100 1018 prae-

115 1033 269 1122 miorum
287 1036 361 1138 spe,
383 1038 593 1138 quibuscum
607 1039 805 1138 optavisset,
817 1040 866 1115 ire
875 1037 991 1136 jubet.
1003 1041 1101 1116 Idem.

163 1163 305 1235 Eodem
321 1182 483 1259 tempore
513 1165 689 1235 Lentulus
720 1160 856 1259 duplici
883 1161 956 1235 acie
980 1165 1100 1238 locum

111 1281 246 1356 editum
265 1284 377 1356 multo
394 1281 561 1381 sanguine
596 1281 738 1358 suorum
768 1281 973 1375 defendens,
1006 1285 1099 1382 post·

114 1429 222 1501 quam
241 1429 286 1479 ex
303 1401 440 1476 sarcinis
459 1405 709 1501 paludamenta
727 1403 874 1495 adstare,
900 1410 932 1478 δι
955 1406 1100 1479 delecta
1124 1399 1129 1470 Ῑ

114 1525 272 1602 cohortes
296 1523 446 1624 intelligi
472 1551 624 1623 coepere.
676 1527 774 1599 Idem.

161 1645 195 1718 Si
223 1643 313 1718 nihil
343 1666 423 1719 ante
452 1648 646 1720 adventum
671 1643 771 1720 suum
790 1647 877 1720 inter
894 1645 1035 1745 plebem
1065 1653 1100 1722 ὅτ

114 1787 226 1864 patres
259 1766 491 1858 convenisset,
530 1793 649 1870 coram
681 1767 714 1840 se
748 1770 914 1842 daturum
944 1795 1100 1866 operam.

112 1885 303 1980 Priscianus
325 1889 349 1962 l.
376 1915 456 1964 xiv.

157 2009 249 2084 fine
266 2009 455 2108 inguinum
472 2011 718 2110 ingrediuntur
736 2037 841 2086 mare.
884 2011 1075 2103 Arustanus.

161 2133 221 2204 M.
247 2131 422 2205 Antonius
453 2135 646 2230 perdundae
680 2113 838 2232 pecunia
861 2132 1014 2232 genitus,
1038 2157 1100 2206 va·

111 2250 265 2349 cuusque
282 2253 387 2343 curis,
410 2254 472 2330 nisi
489 2253 708 2331 instantibus.
760 2253 860 2328 Idem.

161 2375 288 2449 Muros
313 2372 551 2453 successerant.
592 2355 692 2450 Illam.

158 2498 320 2595 Saxaque
336 2497 507 2597 ingentia,
536 2503 570 2572 &
588 2525 655 2572 axe
672 2498 799 2603 vincta
817 2501 931 2575 trabes
949 2523 1010 2599 per
1022 2524 1101 2597 pro·

112 2642 199 2690 num
216 2616 465 2710 incitabantur,
479 2618 674 2717 axibusque
687 2620 888 2692 eminebant
900 2619 937 2692 in
952 2622 1103 2694 modum

109 2741 203 2812 ericii
219 2737 374 2812 militaris
389 2755 509 2814 veruta
526 2739 651 2813 binum
669 2741 814 2840 pedum.
859 2739 942 2810 Non.
956 2741 1102 2813 Servius.

157 2859 350 2934 octavium
369 2860 506 2951 mitem,
521 2865 714 2959 &captum
731 2861 890 2958 pedibus.
905 2861 1101 2952 'Arufianua

157 2979 274 3079 Igitur
300 2979 506 3056 discubuere
533 2981 705 3056 Sertorius
734 2979 878 3056 inferior
909 2981 946 3056 in
968 2969 1101 3073 rnedi0,

110 3099 211 3200 super
229 3127 312 3176 eum
334 3105 380 3176 L.
402 3103 532 3198 Fabius
549 3102 786 3202 Hispaniensis
803 3103 938 3178 senator
955 3130 1000 3178 ex
1018 3132 1102 3202 pro-

110 3219 270 3320 scriptis:
309 3223 346 3298 in
381 3224 520 3300 summo
549 3225 743 3316 Antonius,
780 3231 814 3300 a
837 3225 958 3330 infra,
993 3223 1103 3298 scriba

110 3343 249 3416 Sertorii
264 3347 414 3420 Verfius:
442 3349 528 3420 alter
543 3344 653 3422 scriba
668 3349 847 3422 Maecenas
864 3347 901 3422 in
918 3347 1006 3436 im0,
1025 3369 1101 3418 me·
1134 3376 1146 3424 ·.

111 3465 187 3540 dius
205 3467 297 3542 inter
318 3469 560 3568 Tarquitium,
592 3475 626 3544 a
651 3468 839 3544 dominum
867 3471 1102 3566 Perpennam.

112 3585 234 3660 Nonius
252 3589 399 3664 Servius.
481 3627 487 3642 x

158 3712 322 3808 Qtarum
337 3737 446 3787 unam
465 3711 648 3812 epistolam
665 3712 756 3788 forte
772 3734 854 3789 cum
882 3709 983 3787 servo
1011 3707 1103 3788 na‘cti

579 3835 607 3906 P
634 3859 655 3906 a
