2662 4686
376 355 721 460 Kuoorrrrs.
1019 383 1082 454 141

119 562 124 571 ¹
151 518 321 612 L‘X'XX.
348 521 564 632 Joourrtrs
584 535 785 635 postquam,
816 525 936 610 amissa
963 529 1091 625 Thala,

103 657 194 730 nihil
222 657 301 730 satis
342 659 482 730 firmum
511 677 632 731 contra
663 643 853 732 Metellum
880 675 992 751 putat,
1029 675 1090 751 per

108 801 261 877 magnas
292 778 589 852 solitudines'cum
612 779 728 876 paucis
753 775 941 875 profestus,
967 799 1091 872 perve-

106 899 158 971 nit
174 901 221 972 ad
239 900 412 990 Gaetulos,
437 919 547 998 genus
564 896 751 973 hominum
769 895 882 972 fetum
899 895 1089 969 incultum·-

103 1045 194 1117 que,
230 1024 266 1092 ὅτ
298 1044 340 1092 eo
368 1039 528 1116 tempore
555 1019 717 1118 ignarum
741 1009 897 1106 ¹nominis
922 1015 1088 1090 Romani.
1139 1063 1145 1071 ·

108 1143 246 1213 Eorum
272 1140 535 1213 multitudinem
559 1140 595 1212 in
616 1167 730 1214 unum
747 1139 864 1238 cogit:
887 1159 927 1210 ac
957 1137 1088 1234 paullaa

103 1259 170 1332 tim
195 1243 404 1332 consuefacit
427 1261 564 1334 ordines
593 1263 735 1350 habere,
762 1265 857 1358 signa
885 1255 994 1355 sequi,
1019 1256 1087 1328 im·

102 1380 241 1478 perium
255 1378 450 1470 observare,
473 1381 558 1454 item
575 1383 641 1454 alia
658 1381 817 1455 militaria
833 1379 957 1452 facere.
994 1375 1087 1448 Prae·
1176 1431 1179 1438 1

105 1522 203 1574 terea
219 1501 310 1600 regis
332 1501 462 1574 Bocchi
485 1519 677 1599 proxumos
705 1499 842 1600 magnis
869 1497 1085 1586 muneribus,

100 1627 145 1696 ’ὅτ
172 1621 360 1721 majoribus
387 1622 556 1720 promiffis
581 1624 626 1695 ad
656 1622 807 1696 studium
839 1619 889 1692 sui
918 1619 1089 1716 perducit.

105 1745 196 1840 Qis
225 1741 438 1841 adjutoribus
470 1769 592 1842 regem
621 1744 811 1840 adgressus,
841 1739 1002 1836 impellit,
1036 1739 1089 1814 uti

101 1861 289 1936 advorsum
308 1867 492 1936 Romanos
509 1867 643 1936 bellum
664 1861 833 1960 suscipiat.
884 1859 926 1932 Id
948 1883 989 1932 ea
1009 1883 1087 1956 gra-

100 1984 151 2057 tia
172 1982 306 2057 facilius
335 1977 543 2082 proniusque
563 1982 641 2075 fuit,
674 1985 770 2081 quod
798 1974 955 2056 Bocchus
983 1979 1085 2052 initio

94 2103 252 2201 hujusce*
269 2104 350 2176 belli
374 2107 505 2202 legatos
531 2105 688 2179 Romam
711 2103 859 2194 miserat,
899 2100 1014 2176 foedus
1052 2105 1086 2174 δι
1193 2080 1199 2096 i

101 2223 298 2298 amicitiam
316 2225 474 2321 petitum.
526 2230 647 2325 Qrarn
670 2253 745 2300 rem
761 2223 1085 2323 opportunissimam
1192 2227 1194 2234 '

100 2335 245 2444 incepto
274 2347 367 2420 bello
387 2332 498 2444 'pauci
520 2347 791 2446 impediverant,
822 2345 906 2421 caeci
933 2345 1084 2434 avaritia,

100 2467 180 2566 quis
199 2466 323 2540 omnia
340 2468 484 2542 honesta
505 2488 610 2566 atque
630 2469 810 2552 inhonesta
831 2469 982 2541 vendere
1007 2464 1084 2540 mos
1109 2549 1123 2562 ,

99 2607 183 2662 erat.
238 2589 355 2662 Etiam
385 2605 484 2663 antea
506 2593 689 2688 Jugurthae
713 2591 786 2662 filia
808 2587 938 2668 Bocchi
959 2586 1084 2682 nupse-

100 2729 163 2782 rat.
217 2711 351 2783 Verum
366 2737 407 2784 ea
425 2713 636 2784 neccffitudo
659 2710 755 2806 apud
776 2707 953 2780 Numidas
975 2708 1084 2778 Mau·
1148 2704 1152 2717 “

98 2831 221 2929 rosque
253 2831 338 2904 levis
366 2831 527 2905 ducitur:
554 2831 651 2928 quod
680 2828 819 2927 finguli,
859 2849 922 2924 pro
957 2824 1085 2923 opibus

100 2951 260 3050 quisque,
290 2977 397 3050 quam
426 2951 592 3049 plurimas
608 2975 758 3040 uxores,
787 2950 894 3022 denas
923 2945 994 3037 alii,
1028 2946 1086 3020 alii

100 3072 215 3169 plures
242 3073 396 3158 habent3
435 3070 493 3145 sed
517 3095 615 3172 reges
644 3099 686 3146 eo
710 3071 872 3169 amplius.
932 3071 986 3142 Ita
1008 3068 1091 3142 ani-¹

101 3217 181 3266 mus
200 3191 428 3266 multitudine
449 3194 671 3280 distrahitut3
700 3194 795 3267 nulla
819 3218 882 3290 pro
905 3188 998 3265 socia
1020 3193 1084 3264 ob·

100 3311 210 3386 tinet:
239 3313 367 3411 pariter
392 3340 513 3388 omnes
539 3316 625 3388 viles
650 3315 739 3388 sunt.

149 3435 328 3507 LXXXI.
354 3439 497 3510 Io‘rrun
523 3437 560 3510 in
578 3439 706 3512 xlocum
724 3440 898 3512 ambobus
916 3430 1086 3531 placitum

102 3552 273 3627 exercitus
291 3557 513 3630 conveniunt.
564 3559 632 3651 lbi,
663 3559 734 3631 fide
758 3560 838 3631 data
864 3563 897 3630 &
928 3574 1084 3650 accepta,

101 3675 279 3772 Jugurtha
327 3677 456 3750 Bocchi
501 3677 660 3751 animum
704 3679 859 3753 oratione
903 3676 1081 3748 accendit:

102 3798 332 3871 “Romanos
357 3796 513 3898 injustos,
545 3797 721 3896 profunda
745 3797 901 3890 avaritia,
923 3823 1084 3874 commu·
1171 3839 1175 3858 ι
