2672 4682
465 352 780 426 ‘CArrnrua
1065 377 1110 452 33

114 531 184 606 ubi
207 527 368 629 primum
394 529 526 628 legatos
545 529 581 600 in
598 527 674 601 foro
693 526 888 626 conspexit,
909 530 1113 625 percunetaax

117 674 177 727 tus
205 679 318 753 pauca
345 653 392 725 de
418 651 518 760 statu*
533 649 694 739 civitatis,
726 655 760 724 ὅτ
788 653 884 748 quast
902 650 1024 722 dolens
1040 649 1111 754 ejus

114 774 236 849 casum
271 773 449 872 requirere
483 771 605 869 eoepit,
644 779 803 867 “quem
834 769 970 843 exitum
1005 772 1110 846 tantis

119 905 147 940 “
167 897 269 970 malis
287 895 515 992 sperarent?''
540 892 728 990 Postquam
747 891 824 964 illos
843 874 942 964 videt
965 899 992 934 “
1012 892 1111 990 queri

116 1020 215 1091 “de
252 1017 396 1090 avaritia
431 995 707 1112 magistratuum,
750 1010 906 1085 accusare
939 1010 1108 1104 senatum,
1191 1014 1197 1018 ’

117 1143 147 1180 “
167 1136 269 1236 quod
289 1137 326 1210 in
345 1163 388 1209 eo
405 1135 524 1210 auxilii
542 1134 628 1206 nihil
656 1135 759 1220 ell'et3
791 1131 931 1240 miseriis
960 1131 1025 1206 suis
1055 1160 1108 1208 re·

117 1259 329 1332 “medium
355 1277 505 1330 mortem
532 1254 751 1353 exspeetare:
780 1255 963 1352 At.ego,'’
981 1254 1110 1353 inquit,

119 1385 150 1420 “
165 1380 288 1470 vobis,
322 1383 345 1451 fi
364 1379 475 1451 mo'do
492 1375 558 1449 viri
575 1369 641 1450 effe
658 1375 774 1466 voltis,
802 1376 972 1448 rationem
996 1377 1109 1450 osten-

121 1506 151 1542 “
172 1498 269 1593 dam,
301 1527 373 1598 qua
405 1517 501 1571 tanta
536 1497 596 1570 ista
630 1499 722 1570 mala
756 1497 964 1594 effugiatis.''
1015 1499 1108 1572 Haec
1141 1505 1144 1512 '

120 1621 184 1695 ubi
202 1622 292 1695 dixit
311 1623 539 1718 Allobroges,
567 1619 604 1690 in
617 1643 821 1696 maxumam
837 1617 934 1715 spem
952 1621 1109 1713 addueti,
1176 1707 1179 1711 ,
1280 1622 1285 1626 ’

119 1745 349 1816 Umbrenum
367 1763 478 1832 orare,
514 1741 566 1813 uti
583 1739 632 1813 sui
651 1738 885 1812 misereretur:
919 1740 1005 1812 nihil
1036 1762 1109 1816 tam

121 1861 298 1960 asperum,
330 1887 445 1960 neque
473 1880 547 1935 tam
576 1861 731 1951 difficile,
764 1861 848 1958 quin
877 1859 1110 1957 cupidiffume

121 1983 247 2058 faeturi
265 1985 386 2088 effent,
404 1985 493 2056 dum
511 2009 550 2056 ea
568 2007 619 2054 res
638 1981 815 2055 civitatem
845 2007 910 2055 aere
934 1981 1048 2056 alieno
1068 1983 1109 2056 li·
1168 2013 1173 2018 ·

122 2108 276 2179 beraret.
326 2105 387 2177 Ille
415 2131 473 2178 eos
502 2103 538 2177 in
566 2105 716 2177 domum
744 2105 791 2177 D.
811 2103 905 2178 Bruti
923 2105 1108 2202 perducit3

124 2226 225 2323 quod
236 2223 320 2298 'foro
338 2225 546 2335 propinqua,
576 2252 689 2324 neque
708 2225 819 2299 aliena
837 2227 984 2316 consilii,
1003 2253 1109 2326 prop·
1129 2220 1133 2227 ’

9 2429 10 2432 ¹
121 2367 176 2422 ter
190 2347 432 2446 Semproniam
447 2373 567 2452 :3nam
585 2368 661 2430 tum
679 2351 804 2421 Brutus
826 2349 871 2420 ab
889 2331 1009 2422 Roma
1026 2351 1109 2426 abe·

120 2488 182 2548 rat.
233 2471 408 2543 Praeterea
424 2469 617 2544 Gabinium
635 2471 777 2559 arceffit,
808 2495 880 2568 quo
898 2468 1008 2567 major
1025 2497 1108 2544 auc-

121 2590 240 2662 toritas
253 2588 404 2663 sermoni
421 2590 563 2664 ineffet:
589 2615 631 2664 eo
649 2590 815 2689 praelente
833 2588 1110 2688 conjurationem

122 2712 255 2810 aperit:
288 2711 447 2785 nominat
464 2710 587 2802 socios,
615 2732 778 2809 praterea
795 2712 925 2783 multos
943 2708 1109 2808 cujusque

125 2834 258 2932 generis
274 2827 461 2919 innoxios3
493 2860 564 2932 quo
592 2833 714 2931 legatis
737 2832 873 2904 animus
891 2831 1041 2929 amplior
1059 2830 1109 2912 es,

122 2952 192 3029 set:
220 2955 304 3028 dein
323 2981 382 3028 eos
400 2950 578 3052 pollicitos
591 2981 732 3052 operam
750 2952 846 3026 suam
863 2951 1019 3026 dimittit.

119 3081 122 3087 ’
169 3076 274 3150 XLI.
297 3079 373 3150 SED
398 3077 608 3175 Allobroges
632 3076 693 3166 (liu
715 3075 752 3148 in
776 3075 911 3148 incerto
939 3077 1106 3169 habuere,

120 3197 295 3296 quidnam
313 3196 443 3271 confilii
460 3217 633 3294 caperent.
673 3199 725 3272 ,ln
742 3199 848 3270 altera
862 3217 959 3295 parte
976 3219 1047 3272 erat
1063 3223 1109 3272 aes

120 3319 291 3409 alienum,
322 3319 477 3392 studium
494 3318 590 3409 belli,
618 3344 748 3418 magna
765 3343 895 3391 merces
911 3320 947 3390 in
964 3319 1022 3418 spe
1034 3318 1108 3391 vic-

121 3441 240 3514 toriae:
271 3462 306 3512 at
323 3440 359 3512 in
376 3441 481 3512 altera
498 3437 645 3537 majores
662 3465 765 3536 opes,
777 3457 852 3518 tuta
864 3439 1017 3528 confilia,
1043 3465 1108 3536 pro

121 3559 250 3635 ineerta
266 3539 340 3661 ipe,
368 3580 460 3634 certa
470 3560 623 3658 pramia.
675 3563 767 3634 Haee
784 3559 851 3632 illis
868 3557 1107 3654 volventibus,
1184 3651 1186 3656 Ι

120 3684 266 3756 tandem
277 3683 361 3756 vicit
378 3679 515 3755 fortuna
531 3681 743 3779 reipublicae.
794 3683 918 3779 ltaque
935 3681 1109 3777 QFabio

118 3804 258 3911 Sanga,
280 3802 378 3902 cujus
390 3802 583 3906 patrocinio
594 3802 714 3910 civitas
728 3800 919 3909 plurimum
931 3805 1107 3896 utebatur,

595 3923 633 4005 D
