2662 4686
382 296 724 396 Jueurrnn.
1023 326 1087 378 ru

97 472 149 554 nti
178 473 329 575 priores,
361 470 491 550 Consul
520 475 654 550 illestos
686 477 732 550 ad
764 472 1000 574 proditionem
1026 478 1092 552 do·

97 625 202 674 mum
219 596 450 671 dimittebat:
483 597 559 696 regi
576 623 713 695 pacem,
743 621 851 694 quam
879 595 1091 693 postulabat,

100 745 216 819 neque
245 719 414 808 abnuere,
439 743 554 816 neque
572 713 753 816 polliceri,
774 717 990 798 &intereas
1014 725 1092 792 m'o·

99 868 154 916 ras
170 839 337 938 promissa
354 840 553 938 legatorum
570 837 778 936 exspedare.
970 829 975 840 “

153 959 1093 1061 ΧὶΝΠῌ,ῂωηπωιὼίΜᾱῶἰῶὣιωω
1166 1055 1168 1064 A

98 1081 198 1157 sadis
212 1080 425 1180 composuit,
455 1107 495 1156 ac
511 1079 545 1155 se
561 1079 627 1156 suis
643 1081 774 1156 artibus
790 1081 915 1155 tentari
932 1081 1092 1158 animad-

98 1204 232 1292 vortit3
257 1203 391 1302 quippe
408 1203 466 1277 cui
485 1203 599 1278 verbis
627 1227 699 1301 pax
727 1204 973 1296 nunciabatur,
999 1225 1093 1280 cete-

19 1393 23 1401 .
97 1319 1091 1422 nmrmtmmmaspnmmmnon:mmnmmma

99 1447 264 1538 alienata,
283 1471 367 1546 ager
379 1445 536 1521 hostibus
551 1446 729 1545 cognitus,
744 1445 852 1520 animi
869 1451 1093 1547 popularium

100 1568 239 1659 tentati,
258 1569 401 1642 coadius
422 1591 539 1642 rerum
561 1568 820 1658 necessitudine,
847 1569 967 1646 statuit
988 1573 1094 1646 armis

101 1711 245 1765 certare.
280 1689 396 1789 Igitur
412 1692 595 1787 explorato
611 1689 764 1764 hostiurn
781 1688 916 1780 itinere,
942 1692 978 1766 in
996 1693 1093 1790 spem

99 1789 1093 1911 mfflmaeadmffimexofflmmmmoeloencmm
1162 1791 1167 1798 .

101 1957 290 2006 maxumas
320 1922 439 2031 copias
458 1933 572 2031 potest
589 1933 751 2006 omnium
782 1960 954 2032 generum
979 1954 1091 2030 parat,

99 2081 140 2128 ac
172 2079 238 2150 per
266 2054 415 2128 tramites
439 2057 598 2129 occultos
620 2056 815 2130 exercitum
832 2053 972 2130 Metelli
994 2073 1092 2129 ante·

99 2175 214 2249 venit.
266 2179 347 2250 Erat
364 2176 401 2248 in
419 2202 460 2250 ea
476 2197 576 2275 parte
592 2177 793 2268 Numidiae,
819 2203 928 2274 quam
951 2177 1093 2251 Adher-

98 2299 160 2372 bal
195 2297 232 2370 in
258 2295 426 2372 divifione
445 2301 653 2397 possederat,
672 2302 806 2374 flumen
831 2298 945 2372 oriens
974 2325 995 2372 a
1017 2325 1092 2374 me·

98 2419 198 2510 ridie,
219 2418 365 2493 nomine
382 2421 532 2494 Muthul
544 2450 555 2508 ;
579 2447 600 2493 a
627 2447 699 2519 quo
721 2423 838 2495 aberat
861 2447 964 2495 mons
981 2420 1093 2496 ferme

98 2540 210 2614 millia
231 2542 394 2637 passuum
422 2564 485 2615 xx.
515 2544 628 2616 trastu
651 2542 736 2640 pari,
760 2541 877 2616 vastus
899 2543 945 2616 ab
970 2564 1094 2616 natura

85 2648 132 2739 ’ὅτ
163 2666 322 2737 humano
349 2663 471 2738 cultu:
500 2663 559 2738 sed
588 2689 633 2737 err
662 2689 705 2736 co
733 2662 853 2735 medio
882 2663 976 2759 quasr
993 2663 1092 2735 collis

98 2783 291 2878 oriebatur,
320 2784 357 2856 in
386 2783 598 2872 immensum
633 2783 820 2882 pertinens,
849 2781 994 2856 vestitus
1019 2783 1091 2855 ole-

97 2906 186 2980 astro
202 2904 426 2997 amittetis,
445 2906 587 3004 aliisque
602 2905 789 3006 generibus
805 2905 984 2993 arborum,
1012 2929 1092 3001 quae

97 3026 199 3102 humi
237 3025 334 3100 arido
380 3047 485 3126 atque
521 3023 662 3102 arenoso
696 3026 903 3126 gignuntur.
965 3024 1093 3100 Media

97 3169 219 3222 autem
253 3147 419 3245 planicies
445 3146 576 3221 deserta
616 3146 762 3246 penuria
788 3173 915 3245 aquae:
966 3168 1093 3244 praeter

98 3267 239 3343 flumini
269 3268 468 3368 propinqua
494 3270 597 3342 loca:
634 3295 675 3342 ea
700 3272 831 3342 consita
860 3267 1005 3343 arbustis
1030 3293 1091 3364 pe-

98 3413 181 3464 core
214 3410 323 3488 atque
352 3391 545 3464 cultoribus
570 3389 892 3490 frequentabantur.

148 3513 291 3586 XLIX.
317 3513 462 3586 Icrrtra
493 3513 530 3586 in
559 3537 602 3586 eo
619 3515 722 3601 colle,
754 3537 877 3610 quem,
897 3507 1091 3584 transvorso

96 3627 234 3724 itinere,
256 3635 455 3730 porrectum
472 3633 673 3725 docuimus,
690 3633 879 3733 jugurtha,
907 3652 1092 3708 extenuata
1115 3693 1117 3697 .

96 3751 243 3828 suorum
259 3752 346 3846 acie,
366 3753 549 3830 consedit:
577 3755 771 3853 elephantis
801 3759 834 3828 δε
865 3749 956 3850 parti
973 3754 1090 3852 copia·
