2662 4686
251 341 320 430 164
448 335 713 418 C.Cnrsrr
747 333 1051 410 Snttosrrr

247 537 317 604 ees,
336 509 418 611 quia
434 537 505 586 non
525 511 699 614 fugerent,
717 537 781 611 pro
798 511 986 587 victoribus
1003 537 1118 612 agere.
1161 514 1227 588 Sed

248 659 288 707 ea
306 637 430 708 cunda
457 634 629 708 Romanis
647 659 691 708 ex
707 633 856 709 tenebris
880 638 914 706 δι
943 633 1147 708 editioribus
1175 637 1227 710 lo-

248 754 297 828 cis
323 752 437 828 facilia
464 754 537 829 visu
566 780 768 855 magnoque
797 757 1020 828 hortamento
1045 777 1153 830 erant.
1205 799 1211 804 -

302 877 434 950 XCIX.
461 879 686 950 Pnunruunr
706 901 791 950 vero
807 875 944 950 Marius
961 874 1133 974 imperitia
1149 877 1228 952 hos-

247 995 337 1070 tium
356 999 595 1088 confirmatus,
623 1023 730 1096 quant
747 1021 957 1070 maxumum
975 998 1145 1072 filentium
1163 1001 1224 1074 ha·

246 1117 321 1190 beri
331 1116 456 1214 jubet:
488 1144 533 1192 ne
550 1121 645 1216 figna
661 1117 819 1217 quidem,
844 1117 895 1192 uti
913 1143 974 1215 per
991 1118 1126 1216 vigilias
1138 1122 1225 1196 sole-

244 1240 341 1328 bant,
356 1263 501 1314 canere:
527 1237 667 1328 deinde,
690 1238 752 1312 ubi
781 1239 843 1312 lux
867 1238 1090 1331 adventabat,
1113 1241 1222 1316 defes-

245 1361 286 1431 sts
304 1355 379 1455 jam
410 1360 563 1438 hostibus
593 1363 627 1432 δι
658 1360 776 1456 paullo
791 1375 870 1432 ante
887 1357 1008 1432 somno
1026 1361 1150 1457 captis,
1179 1365 1225 1438 de

244 1477 432 1576 improviso
449 1480 586 1578 vigiles,
611 1480 695 1554 item
708 1480 921 1570 cohortium,
940 1499 1152 1573 turmarum,
1174 1486 1224 1558 le-

244 1600 391 1698 gionum
414 1601 586 1676 tubicines
604 1603 704 1676 fimul
720 1601 834 1678 omnis
862 1605 957 1700 signa
990 1627 1127 1693 canere,
1157 1607 1224 1678 mi-

245 1721 320 1795 lites
356 1723 550 1797 clamorem
586 1725 707 1796 tollere
744 1742 849 1822 atque
884 1721 991 1820 portis
1030 1749 1223 1823 erumpere.

243 1843 361 1916 Mauri
379 1865 483 1943 atque
500 1845 632 1920 Gaetuli
650 1844 773 1943 ignoto
801 1848 835 1918 δι
864 1843 1018 1919 horribili
1035 1843 1148 1919 sonitu
1171 1875 1223 1922 re·

245 1986 348 2064 pente
371 1966 489 2057 exciti,
519 1991 635 2064 neque
660 1964 793 2066 sugere,
818 1991 933 2064 neque
962 1991 1054 2042 arma
1082 1991 1221 2064 capere,

245 2111 362 2189 neque
394 2087 541 2160 omnino
574 2085 685 2165 facere
722 2107 781 2160 aut
810 2086 991 2183 providere
1027 2086 1224 2186 quidquam

244 2228 417 2312 poterant.
477 2209 529 2280 lta
567 2207 709 2280 cundos
739 2204 894 2302 strepitu,
930 2207 1096 2299 clamore,
1124 2211 1224 2284 nullo

241 2330 479 2417 subveniente,
504 2325 628 2400 nostris
644 2325 863 2416 instantibus,
893 2329 1061 2418 tumultu,
1080 2351 1220 2422 terrore,

242 2452 410 2542 formido,
442 2451 534 2547 quafi
557 2445 732 2537 vecordia,
758 2466 909 2545 ceperat.
961 2447 1126 2547 Denique
1143 2479 1220 2526 om·

241 2601 303 2651 nes
319 2573 380 2648 fust
398 2570 592 2670 fugatique.
638 2572 798 2648 Arma&
817 2572 912 2667 figna
929 2568 1091 2644 militaria
1108 2574 1219 2671 plera.

241 2724 311 2797 que
338 2715 461 2792 capta:
488 2688 679 2790 pluresque.
696 2716 737 2762 eo
764 2690 898 2788 praelio,
924 2717 1031 2788 quam
1056 2694 1220 2792 omnibus

238 2817 470 2915 superioribus
487 2811 672 2888 interemti.
723 2813 821 2886 Nam
843 2809 1019 2884 somno&
1044 2834 1141 2888 metu
1167 2816 1221 2895 in.

239 2937 339 3028 solito
362 2935 531 3032 impedita
552 2932 648 3032 fuga.

287 3057 328 3129 C.
366 3057 476 3130 Deru
507 3054 656 3144 Marius,
690 3054 741 3128 uti
775 3077 943 3153 coeperat,
978 3057 1016 3131 in
1048 3057 1216 3134 hiberna:

238 3204 333 3278 quae,
360 3194 500 3273 propter
527 3195 778 3266 commeatum,
802 3177 838 3248 in
862 3177 1000 3275 oppidis
1024 3179 1219 3254 maritumis

185 3315 189 3329 '
237 3325 342 3399 agere
371 3297 584 3369 decreverat.
634 3297 764 3393 Neque
782 3317 897 3372 tamen
921 3297 1031 3374 secors
1056 3299 1218 3393 vidioria,

237 3443 297 3494 aut
324 3417 470 3494 insolens
498 3414 632 3501 factum
663 3414 722 3492 sed
746 3397 884 3512 pariter¹
899 3445 939 3493 ac
967 3421 1005 3496 in
1029 3421 1218 3519 conspedu

236 3542 401 3633 hostium,
427 3538 598 3637 quadrato
619 3535 760 3635 agmine
784 3537 956 3614 incedere.
1011 3542 1105 3616 Sulla
1134 3569 1217 3617 cum

235 3662 390 3759 equitatu
413 3659 506 3758 apud
533 3658 733 3748 dextumos,
764 3659 801 3731 in
827 3659 955 3734 finistra
979 3667 1026 3736 A.
1056 3664 1214 3751 Manlius

236 3808 319 3878 cum
336 3781 569 3858 funditoribus
592 3782 629 3884 δι(
649 3776 841 3880 sagittariis,
866 3801 1032 3881 praeterea
1055 3787 1218 3867 cohortes
