2662 4686
238 366 319 436 ⁴¹4²
483 334 1080 416 ccmsnsrarusrn
1196 425 1207 440 ι

250 521 278 558 “
297 513 350 588 nis
379 514 539 590 omnium
567 513 671 590 hostis
680 515 774 588 ‘effer
796 514 958 588 eamdem
981 511 1060 586 illos
1076 513 1254 589 caulam-

249 645 276 680 “
297 635 479 710 bellicum
495 637 635 710 Boccho
651 636 793 726 habere,
822 659 929 733 quam
956 631 1074 708 secum
1092 638 1125 708 δι
1143 659 1234 710 cum

248 763 276 800 ‘⁶
296 756 369 836 aliis
405 757 580 856 gentibus,
626 755 822 830 lubidinem
861 754 1110 852 imperitandi:
1149 755 1233 853 quis

248 879 416 952 “omnia
443 859 549 976 regna
579 872 724 952 advorsa
757 880 846 950 smt:
882 896 958 950 tum
991 873 1071 965 sese,
1107 878 1234 973 paullo

247 1007 275 1042 “
295 1021 373 1074 ante
391 997 705 1097 Carthaginienses,
723 997 807 1072 item
824 1022 946 1096 regem
964 995 1104 1088 Persen,
1135 997 1231 1096 post¹

246 1127 276 1176 -“
290 1121 346 1194 uti
370 1119 517 1217 quisque
546 1119 837 1217 opulentissumus
872 1117 1044 1208 videatur,
1075 1117 1123 1190 ita
1149 1121 1231 1192 Ro-

245 1248 277 1298 -“
294 1240 407 1314 manis
441 1241 575 1316 hostem
603 1239 714 1314 fore.''
764 1239 835 1316 His
860 1259 966 1337 atque
997 1238 1072 1312 aliis
1101 1237 1233 1314 talibus

245 1361 348 1436 djctis
376 1362 423 1436 ad
441 1361 575 1436 Cirtam
591 1361 767 1460 oppidum
783 1361 847 1436 iter
864 1361 1103 1436 constituunt:
1129 1363 1231 1460 quod

245 1482 296 1558 ibi
321 1484 490 1558 Metellus
507 1483 664 1582 praedam
680 1478 905 1582 captivosque
924 1487 958 1556 &
975 1482 1233 1580 impedimenta

246 1605 431 1678 locaverat.
481 1605 534 1678 Ita
562 1607 740 1702 Jugurtha
771 1624 879 1695 tatus,
911 1623 984 1694 aut,
1012 1623 1111 1700 capta
1124 1606 1229 1692 urbe,

244 1750 360 1822 opcrae
395 1725 547 1824 pretium
579 1724 652 1798 fore
664 1755 675 1812 ;
709 1745 783 1816 aut,
818 1728 842 1800 fi
878 1727 1063 1800 Romanus
1096 1725 1233 1798 auxillo

245 1843 312 1920 suis
329 1846 487 1942 millet,
520 1846 639 1944 prelio
669 1845 736 1921 sese
766 1866 966 1922 certaturos.
1017 1848 1114 1920 Nam
1131 1846 1230 1920 calli-

245 1968 312 2040 dus
343 1966 381 2040 id
408 1965 517 2042 modo
545 1965 739 2058 festinabat,
759 1967 889 2045 Bocchi
918 1993 1041 2067 pacem
1057 1966 1231 2042 imminu-

245 2111 326 2172 ere;
365 2111 410 2160 ne
440 2113 554 2165 moras
587 2088 768 2186 agitando,
806 2089 915 2179 aliud,
943 2115 1051 2186 quam
1076 2087 1230 2180 bellum,

244 2208 378 2284 mallet.
1321 2271 1322 2318 ἒ

302 2329 498 2404 LXXXII.
541 2331 779 2404 turrium
804 2328 989 2426 postquam
1021 2329 1067 2402 de
1100 2355 1227 2429 regum

244 2447 409 2524 societate
437 2449 620 2548 cognovit,
651 2477 724 2526 non
750 2469 894 2542 temere,
913 2474 1041 2548 neque,
1067 2450 1121 2524 uti
1138 2450 1227 2550 saepe
1320 2531 1321 2536 ,

237 2568 315 2669 jam
344 2571 439 2646 victo
466 2573 643 2670 Jugurtha
671 2565 910 2663 consueverat,
943 2571 1108 2648 omnibus
1143 2571 1226 2649 locis
1320 2597 1321 2615 ³

244 2693 429 2793 pugnandi
446 2693 586 2793 copiam
603 2693 711 2769 facit:
736 2715 891 2769 ceterum
918 2693 1013 2768 haud
1041 2694 1166 2791 procul
1181 2695 1228 2766 ab

228 2813 354 2908 Cirta,
373 2815 486 2890 castris
503 2814 660 2907 munitis,
674 2814 769 2914 ¹regis
785 2813 983 2914 opperitur3
1018 2812 1142 2888 melius
1170 2839 1225 2888 ra·

240 2955 312 3026 tus,
333 2935 483 3035 cognitis
499 2937 650 3027 Mauris,
670 2936 838 3035 quoniam
871 2935 899 3012 is
916 2958 1029 3010 novus
1046 2934 1151 3010 hostis
1166 2959 1239 3008 acm

242 3057 395 3148 cesserat,
426 3081 471 3130 ex
500 3059 693 3133 commodo
719 3083 877 3157 pugnam
905 3055 1030 3134 faceret
1080 3053 1246 3130 Interim-

243 3179 364 3250 Roma
381 3201 442 3274 per
459 3175 587 3252 litteras
616 3179 742 3254 certior
771 3181 824 3270 fit,
855 3177 1078 3276 provinciam
1094 3176 1224 3250 Numi·

241 3297 340 3371 diam
352 3296 470 3371 Mario
486 3299 616 3374 datam.
667 3302 763 3375 Nam
781 3297 959 3376 consulem
982 3297 1128 3388 factum,
1149 3294 1227 3395 jam

101 3481 104 3488 ,
202 3407 206 3422 ’
241 3441 344 3506 antea
360 3439 548 3518 acceperat.
599 3421 688 3519 Quis
702 3476 705 3485 .
717 3425 822 3496 rebus
850 3421 950 3528 lupra
965 3423 1101 3500 bonum
1118 3438 1225 3516 atque

241 3541 430 3615 honestum
445 3541 634 3639 perculsus,
653 3567 768 3640 neque
781 3544 952 3618 lacrumas
963 3563 1090 3632 tenere,
1110 3565 1225 3638 neque

241 3663 416 3738 moderari
433 3663 619 3762 linguam:
647 3662 702 3736 vir
727 3662 888 3761 egregius
913 3663 950 3736 in
979 3663 1055 3738 aliis
1080 3662 1224 3747 artibua

167 3883 176 3888 -
240 3781 345 3859 nimis
364 3784 518 3860 molliter
534 3781 782 3883 egritudinem
800 3783 882 3884 pati.
932 3787 1053 3884 Qum
1068 3808 1146 3860 rem
1166 3778 1225 3856 alii
1316 3775 1317 3789 ¹
