<?xml version="1.0" encoding="UTF-8"?>
<!DOCTYPE html PUBLIC "-//W3C//DTD XHTML 1.0 Transitional//EN"
    "http://www.w3.org/TR/xhtml1/DTD/xhtml1-transitional.dtd">
<html xmlns="http://www.w3.org/1999/xhtml" xml:lang="en" lang="en">
 <head>
  <title>
</title>
<meta http-equiv="Content-Type" content="text/html;charset=utf-8" />
  <meta name='ocr-system' content='tesseract 3.04.00' />
  <meta name='ocr-capabilities' content='ocr_page ocr_carea ocr_par ocr_line ocrx_word'/>
</head>
<body>
  <div class='ocr_page' id='page_1' title='image "./caiicrispisallu00sallgoog_0068.png"; bbox 0 0 2672 4682; ppageno 0'>
   <div class='ocr_carea' id='block_1_1' title="bbox 230 325 1114 414">
    <p class='ocr_par' dir='ltr' id='par_1_1' title="bbox 230 325 1114 414">
     <span class='ocr_line' id='line_1_1' title="bbox 230 325 1114 414; baseline -0.012 -4"><span class='ocrx_word' id='word_1_1' title='bbox 230 339 277 412; x_wconf 88' lang='lat'><strong>60</strong></span> <span class='ocrx_word' id='word_1_2' title='bbox 384 325 1114 414; x_wconf 74' lang='lat' dir='ltr'><strong>C.Cnrsr&gt;rsnrcusrrr,&amp;c.</strong></span> 
     </span>
    </p>
   </div>
   <div class='ocr_carea' id='block_1_2' title="bbox 140 493 1257 2652">
    <p class='ocr_par' dir='ltr' id='par_1_2' title="bbox 230 493 1215 600">
     <span class='ocr_line' id='line_1_2' title="bbox 230 493 1215 600; baseline -0.004 -18"><span class='ocrx_word' id='word_1_3' title='bbox 230 508 267 582; x_wconf 92' lang='lat' dir='ltr'><strong>in</strong></span> <span class='ocrx_word' id='word_1_4' title='bbox 293 493 566 582; x_wconf 83' lang='lat' dir='ltr'><strong>confertissumos</strong></span> <span class='ocrx_word' id='word_1_5' title='bbox 594 501 705 576; x_wconf 87' lang='lat' dir='ltr'>hostes</span> <span class='ocrx_word' id='word_1_6' title='bbox 733 501 879 576; x_wconf 82' lang='lat' dir='ltr'>incurrit</span> <span class='ocrx_word' id='word_1_7' title='bbox 904 498 1026 600; x_wconf 88' lang='lat' dir='ltr'>ibique</span> <span class='ocrx_word' id='word_1_8' title='bbox 1050 525 1215 599; x_wconf 78' lang='lat' dir='ltr'><strong>pugnant</strong></span> 
     </span>
    </p>

    <p class='ocr_par' dir='ltr' id='par_1_3' title="bbox 232 606 1012 705">
     <span class='ocr_line' id='line_1_3' title="bbox 232 606 1012 705; baseline -0.009 0"><span class='ocrx_word' id='word_1_9' title='bbox 232 628 446 705; x_wconf 85' lang='lat' dir='ltr'><strong>confoditur.</strong></span> <span class='ocrx_word' id='word_1_10' title='bbox 909 625 911 630; x_wconf 74' lang='grc'><strong>’</strong></span> <span class='ocrx_word' id='word_1_11' title='bbox 1009 606 1012 615; x_wconf 84' lang='lat'><strong>.</strong></span> 
     </span>
    </p>

    <p class='ocr_par' dir='ltr' id='par_1_4' title="bbox 190 741 1218 1204">
     <span class='ocr_line' id='line_1_4' title="bbox 238 741 1215 840; baseline -0.013 -12"><span class='ocrx_word' id='word_1_12' title='bbox 238 763 242 774; x_wconf 85' lang='lat'><em>&#39;</em></span> <span class='ocrx_word' id='word_1_13' title='bbox 280 753 382 833; x_wconf 88' lang='lat' dir='ltr'><strong>LXI.</strong></span> <span class='ocrx_word' id='word_1_14' title='bbox 408 753 482 822; x_wconf 75' lang='lat' dir='ltr'><strong>Sao</strong></span> <span class='ocrx_word' id='word_1_15' title='bbox 501 742 662 818; x_wconf 72' lang='lat' dir='ltr'><strong>confecto</strong></span> <span class='ocrx_word' id='word_1_16' title='bbox 689 741 821 840; x_wconf 73' lang='lat' dir='ltr'><strong>praelio,</strong></span> <span class='ocrx_word' id='word_1_17' title='bbox 850 761 928 816; x_wconf 89' lang='lat' dir='ltr'><strong>tum</strong></span> <span class='ocrx_word' id='word_1_18' title='bbox 945 767 1028 816; x_wconf 89' lang='lat' dir='ltr'><strong>vero</strong></span> <span class='ocrx_word' id='word_1_19' title='bbox 1046 767 1215 835; x_wconf 87' lang='lat' dir='ltr'><strong>cerneres,</strong></span> 
     </span>
     <span class='ocr_line' id='line_1_5' title="bbox 232 861 1216 974; baseline -0.01 -28"><span class='ocrx_word' id='word_1_20' title='bbox 232 893 363 974; x_wconf 89' lang='lat' dir='ltr'><strong>quanta</strong></span> <span class='ocrx_word' id='word_1_21' title='bbox 379 867 521 943; x_wconf 88' lang='lat' dir='ltr'><strong>audacia</strong></span> <span class='ocrx_word' id='word_1_22' title='bbox 538 876 741 965; x_wconf 88' lang='lat' dir='ltr'><strong>quantaque</strong></span> <span class='ocrx_word' id='word_1_23' title='bbox 757 863 866 937; x_wconf 93' lang='lat' dir='ltr'><strong>animi</strong></span> <span class='ocrx_word' id='word_1_24' title='bbox 889 863 941 936; x_wconf 90' lang='lat' dir='ltr'><strong>vis</strong></span> <span class='ocrx_word' id='word_1_25' title='bbox 959 861 1072 938; x_wconf 82' lang='lat' dir='ltr'><strong>fuisset</strong></span> <span class='ocrx_word' id='word_1_26' title='bbox 1093 862 1131 936; x_wconf 90' lang='lat' dir='ltr'><strong>in</strong></span> <span class='ocrx_word' id='word_1_27' title='bbox 1153 889 1216 938; x_wconf 91' lang='lat' dir='ltr'><strong>ex-</strong></span> 
     </span>
     <span class='ocr_line' id='line_1_6' title="bbox 190 982 1217 1084; baseline -0.011 -15"><span class='ocrx_word' id='word_1_28' title='bbox 190 1009 192 1016; x_wconf 90' lang='lat'>&#39;</span> <span class='ocrx_word' id='word_1_29' title='bbox 233 994 343 1069; x_wconf 88' lang='lat' dir='ltr'><strong>ercitu</strong></span> <span class='ocrx_word' id='word_1_30' title='bbox 359 987 528 1062; x_wconf 77' lang='lat' dir='ltr'><strong>Catilina.</strong></span> <span class='ocrx_word' id='word_1_31' title='bbox 579 989 676 1060; x_wconf 93' lang='lat' dir='ltr'><strong>Nam</strong></span> <span class='ocrx_word' id='word_1_32' title='bbox 701 983 785 1075; x_wconf 89' lang='lat' dir='ltr'><strong>fere,</strong></span> <span class='ocrx_word' id='word_1_33' title='bbox 811 1009 920 1082; x_wconf 90' lang='lat' dir='ltr'><strong>quem</strong></span> <span class='ocrx_word' id='word_1_34' title='bbox 949 982 1095 1084; x_wconf 90' lang='lat' dir='ltr'><strong>quisque</strong></span> <span class='ocrx_word' id='word_1_35' title='bbox 1122 1011 1217 1084; x_wconf 84' lang='lat' dir='ltr'><strong>pug-</strong></span> 
     </span>
     <span class='ocr_line' id='line_1_7' title="bbox 192 1105 1218 1204; baseline -0.013 -12"><span class='ocrx_word' id='word_1_36' title='bbox 192 1179 197 1192; x_wconf 83' lang='grc'><strong><em>,</em></strong></span> <span class='ocrx_word' id='word_1_37' title='bbox 234 1115 351 1188; x_wconf 91' lang='lat' dir='ltr'><strong>nando</strong></span> <span class='ocrx_word' id='word_1_38' title='bbox 367 1111 485 1182; x_wconf 90' lang='lat' dir='ltr'><strong>locum</strong></span> <span class='ocrx_word' id='word_1_39' title='bbox 502 1125 654 1203; x_wconf 82' lang='lat' dir='ltr'>ceperat,</span> <span class='ocrx_word' id='word_1_40' title='bbox 673 1131 769 1196; x_wconf 89' lang='lat' dir='ltr'><strong>eum,</strong></span> <span class='ocrx_word' id='word_1_41' title='bbox 788 1105 907 1180; x_wconf 81' lang='lat' dir='ltr'><strong>amissa</strong></span> <span class='ocrx_word' id='word_1_42' title='bbox 922 1105 1052 1194; x_wconf 88' lang='lat' dir='ltr'><strong>anima,</strong></span> <span class='ocrx_word' id='word_1_43' title='bbox 1069 1131 1218 1204; x_wconf 90' lang='lat' dir='ltr'><strong>corpore</strong></span> 
     </span>
    </p>

    <p class='ocr_par' dir='ltr' id='par_1_5' title="bbox 226 1227 1257 1455">
     <span class='ocr_line' id='line_1_8' title="bbox 233 1227 1218 1334; baseline -0.008 -26"><span class='ocrx_word' id='word_1_44' title='bbox 233 1234 385 1334; x_wconf 85' lang='lat' dir='ltr'><strong>tegebat.</strong></span> <span class='ocrx_word' id='word_1_45' title='bbox 436 1227 543 1301; x_wconf 87' lang='lat' dir='ltr'>Pauci</span> <span class='ocrx_word' id='word_1_46' title='bbox 564 1247 694 1317; x_wconf 89' lang='lat' dir='ltr'><strong>autem,</strong></span> <span class='ocrx_word' id='word_1_47' title='bbox 721 1253 809 1325; x_wconf 88' lang='lat' dir='ltr'><strong>quos</strong></span> <span class='ocrx_word' id='word_1_48' title='bbox 829 1228 953 1300; x_wconf 89' lang='lat' dir='ltr'>cohors</span> <span class='ocrx_word' id='word_1_49' title='bbox 973 1227 1133 1323; x_wconf 87' lang='lat' dir='ltr'><strong>praetoria</strong></span> <span class='ocrx_word' id='word_1_50' title='bbox 1148 1227 1218 1300; x_wconf 86' lang='lat' dir='ltr'><strong>dis-</strong></span> 
     </span>
     <span class='ocr_line' id='line_1_9' title="bbox 226 1346 1257 1455; baseline -0.005 -29"><span class='ocrx_word' id='word_1_51' title='bbox 226 1355 366 1455; x_wconf 90' lang='lat' dir='ltr'><strong>jecerat,</strong></span> <span class='ocrx_word' id='word_1_52' title='bbox 392 1350 507 1446; x_wconf 86' lang='lat' dir='ltr'><strong>paullo</strong></span> <span class='ocrx_word' id='word_1_53' title='bbox 524 1347 703 1437; x_wconf 86' lang='lat' dir='ltr'><strong>diversrus,</strong></span> <span class='ocrx_word' id='word_1_54' title='bbox 723 1346 780 1420; x_wconf 89' lang='lat' dir='ltr'><strong>sed</strong></span> <span class='ocrx_word' id='word_1_55' title='bbox 797 1373 919 1420; x_wconf 90' lang='lat' dir='ltr'><strong>omnes</strong></span> <span class='ocrx_word' id='word_1_56' title='bbox 937 1366 1056 1418; x_wconf 87' lang='lat' dir='ltr'><strong>tamen</strong></span> <span class='ocrx_word' id='word_1_57' title='bbox 1068 1349 1218 1421; x_wconf 90' lang='lat' dir='ltr'><strong>adverfis</strong></span> <span class='ocrx_word' id='word_1_58' title='bbox 1250 1363 1257 1374; x_wconf 71' lang='grc'><strong>“</strong></span> 
     </span>
    </p>

    <p class='ocr_par' dir='ltr' id='par_1_6' title="bbox 140 1468 1231 2652">
     <span class='ocr_line' id='line_1_10' title="bbox 233 1468 1218 1567; baseline -0.004 -21"><span class='ocrx_word' id='word_1_59' title='bbox 233 1469 435 1546; x_wconf 87' lang='lat' dir='ltr'><strong>volneribus</strong></span> <span class='ocrx_word' id='word_1_60' title='bbox 453 1468 686 1544; x_wconf 84' lang='lat' dir='ltr'><strong>conciderant.</strong></span> <span class='ocrx_word' id='word_1_61' title='bbox 711 1468 862 1542; x_wconf 83' lang='lat' dir='ltr'><strong>Catilina</strong></span> <span class='ocrx_word' id='word_1_62' title='bbox 878 1493 961 1541; x_wconf 87' lang='lat' dir='ltr'><strong>vero</strong></span> <span class='ocrx_word' id='word_1_63' title='bbox 978 1469 1084 1567; x_wconf 83' lang='lat' dir='ltr'><strong>longe</strong></span> <span class='ocrx_word' id='word_1_64' title='bbox 1100 1495 1121 1542; x_wconf 90' lang='lat' dir='ltr'><strong>a</strong></span> <span class='ocrx_word' id='word_1_65' title='bbox 1137 1469 1218 1560; x_wconf 88' lang='lat' dir='ltr'><strong>suis,</strong></span> 
     </span>
     <span class='ocr_line' id='line_1_11' title="bbox 233 1569 1231 1688; baseline -0.003 -21"><span class='ocrx_word' id='word_1_66' title='bbox 233 1594 323 1678; x_wconf 85' lang='lat' dir='ltr'><strong>inter</strong></span> <span class='ocrx_word' id='word_1_67' title='bbox 354 1589 505 1663; x_wconf 89' lang='lat' dir='ltr'><strong>hostium</strong></span> <span class='ocrx_word' id='word_1_68' title='bbox 539 1591 707 1664; x_wconf 84' lang='lat' dir='ltr'><strong>cadavera</strong></span> <span class='ocrx_word' id='word_1_69' title='bbox 736 1609 890 1688; x_wconf 88' lang='lat' dir='ltr'><strong>repertus</strong></span> <span class='ocrx_word' id='word_1_70' title='bbox 924 1591 987 1680; x_wconf 90' lang='lat' dir='ltr'><strong>est,</strong></span> <span class='ocrx_word' id='word_1_71' title='bbox 1022 1569 1231 1688; x_wconf 71' lang='lat' dir='ltr'><strong>paullulum</strong></span> 
     </span>
     <span class='ocr_line' id='line_1_12' title="bbox 206 1709 1220 1809; baseline -0.002 -23"><span class='ocrx_word' id='word_1_72' title='bbox 206 1721 209 1726; x_wconf 82' lang='lat'>&#39;</span> <span class='ocrx_word' id='word_1_73' title='bbox 233 1712 339 1786; x_wconf 88' lang='lat' dir='ltr'><strong>etiam</strong></span> <span class='ocrx_word' id='word_1_74' title='bbox 365 1709 495 1808; x_wconf 84' lang='lat' dir='ltr'><strong>spirans</strong></span> <span class='ocrx_word' id='word_1_75' title='bbox 512 1709 747 1808; x_wconf 84' lang='lat' dir='ltr'><strong>ferociamque</strong></span> <span class='ocrx_word' id='word_1_76' title='bbox 771 1711 893 1802; x_wconf 88' lang='lat' dir='ltr'><strong>animi,</strong></span> <span class='ocrx_word' id='word_1_77' title='bbox 926 1737 1033 1809; x_wconf 89' lang='lat' dir='ltr'><strong>quam</strong></span> <span class='ocrx_word' id='word_1_78' title='bbox 1051 1713 1220 1786; x_wconf 85' lang='lat' dir='ltr'><strong>habuerat</strong></span> 
     </span>
     <span class='ocr_line' id='line_1_13' title="bbox 235 1830 1220 1922; baseline -0.002 -14"><span class='ocrx_word' id='word_1_79' title='bbox 235 1834 351 1922; x_wconf 89' lang='lat' dir='ltr'><strong>vivus,</strong></span> <span class='ocrx_word' id='word_1_80' title='bbox 380 1833 416 1904; x_wconf 90' lang='lat' dir='ltr'><strong>in</strong></span> <span class='ocrx_word' id='word_1_81' title='bbox 439 1833 538 1905; x_wconf 92' lang='lat' dir='ltr'><strong>voltu</strong></span> <span class='ocrx_word' id='word_1_82' title='bbox 560 1830 722 1906; x_wconf 87' lang='lat' dir='ltr'><strong>retinens.</strong></span> <span class='ocrx_word' id='word_1_83' title='bbox 771 1831 952 1905; x_wconf 89' lang='lat' dir='ltr'><strong>Postremo</strong></span> <span class='ocrx_word' id='word_1_84' title='bbox 975 1831 1137 1906; x_wconf 87' lang='lat' dir='ltr'><strong>exomni</strong></span> <span class='ocrx_word' id='word_1_85' title='bbox 1159 1859 1220 1906; x_wconf 87' lang='lat' dir='ltr'><strong>co·</strong></span> 
     </span>
     <span class='ocr_line' id='line_1_14' title="bbox 236 1940 1221 2054; baseline -0.002 -26"><span class='ocrx_word' id='word_1_86' title='bbox 236 1955 295 2054; x_wconf 91' lang='lat' dir='ltr'><strong>pia</strong></span> <span class='ocrx_word' id='word_1_87' title='bbox 311 1977 424 2050; x_wconf 90' lang='lat' dir='ltr'><strong>neque</strong></span> <span class='ocrx_word' id='word_1_88' title='bbox 441 1952 477 2025; x_wconf 90' lang='lat' dir='ltr'><strong>in</strong></span> <span class='ocrx_word' id='word_1_89' title='bbox 494 1952 626 2049; x_wconf 85' lang='lat' dir='ltr'><strong>praelio‚</strong></span> <span class='ocrx_word' id='word_1_90' title='bbox 650 1940 767 2050; x_wconf 89' lang='lat' dir='ltr'><strong>neque</strong></span> <span class='ocrx_word' id='word_1_91' title='bbox 792 1953 829 2028; x_wconf 91' lang='lat' dir='ltr'><strong>in</strong></span> <span class='ocrx_word' id='word_1_92' title='bbox 849 1952 934 2053; x_wconf 84' lang='lat' dir='ltr'><strong>fuga</strong></span> <span class='ocrx_word' id='word_1_93' title='bbox 960 1952 1142 2052; x_wconf 90' lang='lat' dir='ltr'><strong>quisquam</strong></span> <span class='ocrx_word' id='word_1_94' title='bbox 1169 1954 1221 2028; x_wconf 91' lang='lat' dir='ltr'><strong>ci-</strong></span> 
     </span>
     <span class='ocr_line' id='line_1_15' title="bbox 233 2073 1222 2172; baseline 0 -24"><span class='ocrx_word' id='word_1_95' title='bbox 233 2075 286 2148; x_wconf 87' lang='lat' dir='ltr'><strong>vis</strong></span> <span class='ocrx_word' id='word_1_96' title='bbox 304 2073 476 2169; x_wconf 83' lang='lat' dir='ltr'><strong>ingenuus</strong></span> <span class='ocrx_word' id='word_1_97' title='bbox 498 2091 631 2169; x_wconf 86' lang='lat' dir='ltr'><strong>captus.</strong></span> <span class='ocrx_word' id='word_1_98' title='bbox 682 2075 735 2146; x_wconf 91' lang='lat' dir='ltr'><strong>Ita</strong></span> <span class='ocrx_word' id='word_1_99' title='bbox 757 2075 875 2148; x_wconf 76' lang='lat' dir='ltr'><strong>cuncti</strong></span> <span class='ocrx_word' id='word_1_100' title='bbox 899 2073 968 2148; x_wconf 85' lang='lat' dir='ltr'><strong>suae</strong></span> <span class='ocrx_word' id='word_1_101' title='bbox 995 2073 1222 2172; x_wconf 89' lang='lat' dir='ltr'><strong>hostiumque</strong></span> 
     </span>
     <span class='ocr_line' id='line_1_16' title="bbox 140 2192 1218 2292; baseline 0 -24"><span class='ocrx_word' id='word_1_102' title='bbox 140 2195 145 2204; x_wconf 81' lang='lat'>&#39;</span> <span class='ocrx_word' id='word_1_103' title='bbox 235 2195 317 2268; x_wconf 80' lang='lat' dir='ltr'><strong>vitae</strong></span> <span class='ocrx_word' id='word_1_104' title='bbox 331 2192 435 2292; x_wconf 85' lang='lat' dir='ltr'><strong>juxta</strong></span> <span class='ocrx_word' id='word_1_105' title='bbox 452 2211 687 2289; x_wconf 85' lang='lat' dir='ltr'><strong>pepercerant.</strong></span> <span class='ocrx_word' id='word_1_106' title='bbox 737 2195 867 2289; x_wconf 86' lang='lat' dir='ltr'><strong>Neque</strong></span> <span class='ocrx_word' id='word_1_107' title='bbox 890 2212 1011 2268; x_wconf 89' lang='lat' dir='ltr'><strong>tamen</strong></span> <span class='ocrx_word' id='word_1_108' title='bbox 1041 2195 1218 2269; x_wconf 84' lang='lat' dir='ltr'><strong>exercitus</strong></span> 
     </span>
     <span class='ocr_line' id='line_1_17' title="bbox 234 2310 1220 2415; baseline 0.003 -27"><span class='ocrx_word' id='word_1_109' title='bbox 234 2313 357 2415; x_wconf 90' lang='lat' dir='ltr'><strong>populi</strong></span> <span class='ocrx_word' id='word_1_110' title='bbox 382 2312 538 2387; x_wconf 88' lang='lat' dir='ltr'><strong>Romani</strong></span> <span class='ocrx_word' id='word_1_111' title='bbox 566 2313 682 2384; x_wconf 86' lang='lat' dir='ltr'><strong>laetam</strong></span> <span class='ocrx_word' id='word_1_112' title='bbox 708 2323 768 2388; x_wconf 85' lang='lat' dir='ltr'><strong>aut</strong></span> <span class='ocrx_word' id='word_1_113' title='bbox 791 2310 1009 2386; x_wconf 77' lang='lat' dir='ltr'><strong>incruentam</strong></span> <span class='ocrx_word' id='word_1_114' title='bbox 1033 2313 1220 2390; x_wconf 72' lang='lat' dir='ltr'><strong>victoriam</strong></span> 
     </span>
     <span class='ocr_line' id='line_1_18' title="bbox 236 2431 1220 2532; baseline 0.002 -24"><span class='ocrx_word' id='word_1_115' title='bbox 236 2435 396 2531; x_wconf 88' lang='lat' dir='ltr'><strong>adeptus.</strong></span> <span class='ocrx_word' id='word_1_116' title='bbox 447 2434 544 2506; x_wconf 90' lang='lat' dir='ltr'><strong>Nam</strong></span> <span class='ocrx_word' id='word_1_117' title='bbox 567 2431 813 2506; x_wconf 85' lang='lat' dir='ltr'><strong>strenuiffimus</strong></span> <span class='ocrx_word' id='word_1_118' title='bbox 835 2431 980 2532; x_wconf 88' lang='lat' dir='ltr'><strong>quisque</strong></span> <span class='ocrx_word' id='word_1_119' title='bbox 996 2453 1055 2508; x_wconf 87' lang='lat' dir='ltr'><strong>aut</strong></span> <span class='ocrx_word' id='word_1_120' title='bbox 1077 2435 1220 2511; x_wconf 93' lang='lat' dir='ltr'><strong>occide-</strong></span> 
     </span>
     <span class='ocr_line' id='line_1_19' title="bbox 236 2553 1219 2652; baseline 0.001 -23"><span class='ocrx_word' id='word_1_121' title='bbox 236 2576 289 2630; x_wconf 88' lang='lat' dir='ltr'><strong>rat</strong></span> <span class='ocrx_word' id='word_1_122' title='bbox 317 2555 354 2628; x_wconf 88' lang='lat' dir='ltr'><strong>in</strong></span> <span class='ocrx_word' id='word_1_123' title='bbox 387 2553 523 2652; x_wconf 75' lang='lat' dir='ltr'><strong>prelio,</strong></span> <span class='ocrx_word' id='word_1_124' title='bbox 554 2573 613 2627; x_wconf 88' lang='lat' dir='ltr'><strong>aut</strong></span> <span class='ocrx_word' id='word_1_125' title='bbox 632 2553 783 2652; x_wconf 87' lang='lat' dir='ltr'><strong>graviter</strong></span> <span class='ocrx_word' id='word_1_126' title='bbox 798 2556 997 2628; x_wconf 88' lang='lat' dir='ltr'><strong>vulneratus</strong></span> <span class='ocrx_word' id='word_1_127' title='bbox 1014 2553 1219 2631; x_wconf 86' lang='lat' dir='ltr'><strong>discefferat.</strong></span> 
     </span>
    </p>
   </div>
   <div class='ocr_carea' id='block_1_3' title="bbox 120 2673 1220 2784">
    <p class='ocr_par' dir='ltr' id='par_1_7' title="bbox 120 2673 1220 2784">
     <span class='ocr_line' id='line_1_20' title="bbox 120 2673 1220 2784; baseline 0.003 -36"><span class='ocrx_word' id='word_1_128' title='bbox 120 2721 141 2784; x_wconf 29' lang='lat'><strong>¹·</strong></span> <span class='ocrx_word' id='word_1_129' title='bbox 235 2674 349 2751; x_wconf 88' lang='lat' dir='ltr'><strong>Multi</strong></span> <span class='ocrx_word' id='word_1_130' title='bbox 376 2693 508 2766; x_wconf 84' lang='lat' dir='ltr'><strong>autem,</strong></span> <span class='ocrx_word' id='word_1_131' title='bbox 537 2673 599 2771; x_wconf 92' lang='lat' dir='ltr'><strong>qui</strong></span> <span class='ocrx_word' id='word_1_132' title='bbox 625 2675 671 2746; x_wconf 92' lang='lat' dir='ltr'><strong>de</strong></span> <span class='ocrx_word' id='word_1_133' title='bbox 709 2674 824 2749; x_wconf 87' lang='lat' dir='ltr'><strong>castris</strong></span> <span class='ocrx_word' id='word_1_134' title='bbox 858 2673 1007 2765; x_wconf 90' lang='lat' dir='ltr'><strong>visundi,</strong></span> <span class='ocrx_word' id='word_1_135' title='bbox 1033 2697 1094 2750; x_wconf 90' lang='lat' dir='ltr'><strong>aut</strong></span> <span class='ocrx_word' id='word_1_136' title='bbox 1116 2676 1220 2775; x_wconf 88' lang='lat' dir='ltr'><strong>spoli-</strong></span> 
     </span>
    </p>
   </div>
   <div class='ocr_carea' id='block_1_4' title="bbox 153 2795 1230 3380">
    <p class='ocr_par' dir='ltr' id='par_1_8' title="bbox 153 2795 1230 3380">
     <span class='ocr_line' id='line_1_21' title="bbox 237 2795 1220 2894; baseline 0 -22"><span class='ocrx_word' id='word_1_137' title='bbox 237 2797 321 2872; x_wconf 89' lang='lat' dir='ltr'><strong>andi</strong></span> <span class='ocrx_word' id='word_1_138' title='bbox 355 2795 464 2894; x_wconf 87' lang='lat' dir='ltr'><strong>gratia</strong></span> <span class='ocrx_word' id='word_1_139' title='bbox 482 2797 723 2893; x_wconf 67' lang='lat' dir='ltr'><strong>promiserant,</strong></span> <span class='ocrx_word' id='word_1_140' title='bbox 748 2799 930 2870; x_wconf 89' lang='lat' dir='ltr'><strong>volventes</strong></span> <span class='ocrx_word' id='word_1_141' title='bbox 953 2798 1089 2872; x_wconf 88' lang='lat' dir='ltr'><strong>hostilia</strong></span> <span class='ocrx_word' id='word_1_142' title='bbox 1117 2800 1220 2872; x_wconf 90' lang='lat' dir='ltr'><strong>cada·</strong></span> 
     </span>
     <span class='ocr_line' id='line_1_22' title="bbox 236 2915 1222 3018; baseline 0.002 -27"><span class='ocrx_word' id='word_1_143' title='bbox 236 2942 335 3006; x_wconf 88' lang='lat' dir='ltr'><strong>vera,</strong></span> <span class='ocrx_word' id='word_1_144' title='bbox 370 2915 526 2990; x_wconf 90' lang='lat' dir='ltr'><strong>amicum</strong></span> <span class='ocrx_word' id='word_1_145' title='bbox 543 2915 613 3006; x_wconf 89' lang='lat' dir='ltr'><strong>alii,</strong></span> <span class='ocrx_word' id='word_1_146' title='bbox 639 2943 718 3013; x_wconf 91' lang='lat' dir='ltr'><strong>pars</strong></span> <span class='ocrx_word' id='word_1_147' title='bbox 740 2916 926 3014; x_wconf 87' lang='lat' dir='ltr'><strong>hospitem,</strong></span> <span class='ocrx_word' id='word_1_148' title='bbox 952 2939 1012 2992; x_wconf 89' lang='lat' dir='ltr'><strong>aut</strong></span> <span class='ocrx_word' id='word_1_149' title='bbox 1030 2941 1222 3018; x_wconf 85' lang='lat' dir='ltr'><strong>cognatum</strong></span> 
     </span>
     <span class='ocr_line' id='line_1_23' title="bbox 153 3035 1221 3140; baseline 0.003 -29"><span class='ocrx_word' id='word_1_150' title='bbox 153 3053 161 3072; x_wconf 81' lang='lat'><strong>⁴</strong></span> <span class='ocrx_word' id='word_1_151' title='bbox 238 3035 465 3134; x_wconf 87' lang='lat' dir='ltr'><strong>reperiebant.</strong></span> <span class='ocrx_word' id='word_1_152' title='bbox 516 3039 626 3109; x_wconf 90' lang='lat' dir='ltr'><strong>Fuere</strong></span> <span class='ocrx_word' id='word_1_153' title='bbox 643 3036 742 3126; x_wconf 90' lang='lat' dir='ltr'><strong>item,</strong></span> <span class='ocrx_word' id='word_1_154' title='bbox 768 3038 830 3135; x_wconf 90' lang='lat' dir='ltr'><strong>qui</strong></span> <span class='ocrx_word' id='word_1_155' title='bbox 853 3038 1013 3112; x_wconf 89' lang='lat' dir='ltr'><strong>inimicos</strong></span> <span class='ocrx_word' id='word_1_156' title='bbox 1039 3037 1115 3114; x_wconf 88' lang='lat' dir='ltr'><strong>suos</strong></span> <span class='ocrx_word' id='word_1_157' title='bbox 1136 3067 1221 3140; x_wconf 84' lang='lat' dir='ltr'><strong>cog·</strong></span> 
     </span>
     <span class='ocr_line' id='line_1_24' title="bbox 239 3154 1230 3252; baseline 0 -21"><span class='ocrx_word' id='word_1_158' title='bbox 239 3154 429 3231; x_wconf 87' lang='lat' dir='ltr'><strong>noscerent.</strong></span> <span class='ocrx_word' id='word_1_159' title='bbox 479 3157 532 3228; x_wconf 92' lang='lat' dir='ltr'><strong>Ita</strong></span> <span class='ocrx_word' id='word_1_160' title='bbox 556 3155 650 3228; x_wconf 86' lang='lat' dir='ltr'><strong>varie</strong></span> <span class='ocrx_word' id='word_1_161' title='bbox 682 3181 745 3252; x_wconf 92' lang='lat' dir='ltr'><strong>per</strong></span> <span class='ocrx_word' id='word_1_162' title='bbox 773 3183 917 3231; x_wconf 92' lang='lat' dir='ltr'><strong>omnem</strong></span> <span class='ocrx_word' id='word_1_163' title='bbox 943 3160 1134 3233; x_wconf 79' lang='lat' dir='ltr'><strong>exercinrm</strong></span> <span class='ocrx_word' id='word_1_164' title='bbox 1162 3163 1230 3234; x_wconf 58' lang='lat' dir='ltr'><strong>laea</strong></span> 
     </span>
     <span class='ocr_line' id='line_1_25' title="bbox 239 3277 1187 3380; baseline 0.003 -28"><span class='ocrx_word' id='word_1_165' title='bbox 239 3277 329 3370; x_wconf 87' lang='lat' dir='ltr'><strong>titia,</strong></span> <span class='ocrx_word' id='word_1_166' title='bbox 359 3301 515 3364; x_wconf 86' lang='lat' dir='ltr'><strong>moeror3</strong></span> <span class='ocrx_word' id='word_1_167' title='bbox 539 3277 653 3348; x_wconf 72' lang='lat' dir='ltr'><strong>luctus</strong></span> <span class='ocrx_word' id='word_1_168' title='bbox 677 3296 782 3373; x_wconf 88' lang='lat' dir='ltr'><strong>atque</strong></span> <span class='ocrx_word' id='word_1_169' title='bbox 805 3278 1187 3380; x_wconf 77' lang='lat' dir='ltr'><strong>gaudiaagitabantur.</strong></span> 
     </span>
    </p>
   </div>
   <div class='ocr_carea' id='block_1_5' title="bbox 577 3529 887 3605">
    <p class='ocr_par' dir='ltr' id='par_1_9' title="bbox 577 3529 887 3605">
     <span class='ocr_line' id='line_1_26' title="bbox 577 3529 887 3605; baseline 0.013 -25"><span class='ocrx_word' id='word_1_170' title='bbox 577 3529 887 3605; x_wconf 72' lang='lat' dir='ltr'><strong>arura.</strong></span> 
     </span>
    </p>
   </div>
   <div class='ocr_carea' id='block_1_6' title="bbox 0 0 1360 4682">
    <p class='ocr_par' dir='ltr' id='par_1_10' title="bbox 0 0 1360 4682">
     <span class='ocr_line' id='line_1_27' title="bbox 0 0 1360 4682; baseline 0 0"><span class='ocrx_word' id='word_1_171' title='bbox 0 0 1360 4682; x_wconf 95' lang='lat' dir='ltr'><strong> </strong></span> 
     </span>
    </p>
   </div>
  </div>
 </body>
</html>
