2672 4682
428 351 728 426 Cnrrstnn.
1014 377 1089 455 ‚57

106 535 132 574 “
148 529 203 604 uti
229 528 316 604 forti
343 548 449 628 atque
490 551 611 628 parato
644 529 763 602 animo
794 528 887 616 fitis3
928 533 975 620 δι,
1010 559 1095 608 cum

107 658 137 696 “
154 649 319 748 praelium
346 649 488 740 inibiris‚
515 651 756 742 memineritis,
775 677 838 724 vos
854 649 1006 742 divitias,
1031 653 1094 726 de·
1152 631 1157 648 ’

107 779 135 814 “
154 799 230 862 cus,
248 769 411 870 gloriam,
432 791 599 869 praeterea
615 773 810 846 libertatem
826 791 932 871 atque
948 771 1095 869 patriam

108 893 189 964 “in
214 893 350 966 dextris
369 913 515 991 portare.
565 892 600 966 Si
617 893 806 983 vincimus,
854 893 973 966 omnia
994 892 1096 966 nobis
1182 945 1193 957 -

108 1021 134 1058 “
151 1032 242 1102 tuta,
270 1013 667 1118 commeatus-abunde,
694 1015 840 1088 coloniae
859 1033 964 1112 atque
981 1013 1097 1088 muni-

110 1141 138 1178 “
157 1134 254 1232 cipis
274 1123 453 1232 patebunt.
469 1135 531 1238 ¹Sin
549 1119 647 1208 riretu
665 1135 874 1224 cesserimus,
897 1137 1021 1208 eadem
1039 1135 1097 1210 illa

110 1263 136 1298 “
153 1255 303 1328 advorsa
321 1258 432 1328 fiunt:
461 1281 575 1353 neque
593 1259 706 1346 locus,
725 1281 839 1354 neque
855 1256 988 1330 amicus
1005 1255 1097 1355 quis-

109 1383 137 1422 “
158 1401 268 1474 quam
292 1396 404 1475 teget,
430 1403 539 1474 quem
568 1403 663 1450 arma
691 1403 763 1449 non
792 1377 953 1450 texerint.
1003 1380 1096 1450 Prae-

111 1505 139 1542 “
158 1517 262 1588 terea,
291 1498 432 1586 milites,
460 1525 531 1570 non
556 1487 679 1571 eadem
704 1498 859 1572 nobis&
889 1498 953 1570 illis
979 1496 1094 1571 neces-

113 1626 142 1662 “
173 1620 274 1692 rtudo
312 1617 506 1714 impendet.
558 1621 636 1692 Nos
666 1620 876 1716 proponis,
904 1645 966 1718 pro
994 1619 1098 1692 liber·

109 1747 138 1788 “
156 1759 244 1828 tate,
266 1765 339 1835 ,pro
369 1739 442 1812 vita
468 1759 661 1813 certamus:
693 1739 761 1811 illis
798 1739 1095 1836 supervacaneum

105 1867 141 1954 ,“
160 1861 211 1933 est
228 1854 394 1958 pugnare
410 1886 475 1957 pro
503 1865 658 1957 potentia
685 1885 888 1957 paucorum.
922 1863 1022 1958 rQio
1037 1887 1099 1932 au·

110 1981 286 2061 “dacius
315 1979 565 2078 adgredimini,
585 2005 755 2054 memores
774 1979 925 2077 pristinae
951 1978 1099 2056 virtutis

112 2109 142 2146 “
162 2099 294 2174 Licuit
309 2101 407 2175 nobis
424 2129 507 2176 eum
528 2100 665 2209 summo
681 2101 897 2198 turpitudine
920 2100 958 2174 in
981 2101 1100 2174 exfilio

115 2230 147 2268 “
167 2240 307 2314 oetatem
325 2248 450 2322 agere:
483 2223 640 2322 potuistis
658 2223 819 2298 nonnulli
832 2227 974 2313 Romae,
999 2221 1099 2296 amis·
1143 2271 1148 2278 ·

112 2349 203 2418 “fis
233 2343 348 2434 bonis,
387 2343 514 2418 alienas
543 2370 626 2442 opes
655 2343 860 2448 exspeelare.
911 2343 1005 2442 Qria
1041 2342 1101 2416 illa

109 2475 139 2516 “
157 2450 257 2542 foeda
285 2486 392 2565 atque
418 2466 640 2544 intoleranda
666 2465 748 2540 viris
777 2464 1002 2554 videbantur,
1024 2465 1100 2537 haec

116 2596 144 2631 “
165 2577 281 2685 sequi
301 2586 512 2663 decrevistis.
574 2587 608 2662 Si
642 2587 837 2684 relinquere
881 2583 1001 2673 voltis,
1039 2611 1101 2657 au-

114 2717 142 2754 “
162 2709 264 2782 dacia
282 2734 374 2806 opus
392 2707 451 2781 est.
507 2709 642 2798 Nemo,
672 2707 733 2780 nisr
762 2706 885 2794 ullor,
917 2729 1003 2800 paee
1027 2705 1101 2776 bel-

116 2838 147 2874 “
166 2832 243 2904 lum
277 2830 441 2914 mutavit.
490 2831 589 2921 Nam
613 2827 649 2900 in
677 2826 761 2924 fuga
784 2819 929 2898 salutem
944 2819 1100 2920 sperare,

114 2958 144 2995 ‘⁶
162 2977 248 3025 cum
274 2977 386 3040 arma,
417 2949 493 3048 quis
524 2975 651 3046 corpus
682 2945 828 3045 tegitur,
869 2948 914 3019 ab
948 2943 1103 3019 hostibus

110 3079 145 3132 -“
161 3073 343 3162 averteris,
380 3097 421 3160 ea
457 3095 540 3144 vero
566 3067 744 3142 dementia
777 3066 836 3140 est.
896 3069 1041 3164 Semper
1066 3067 1104 3139 in

115 3201 145 3238 “
166 3193 292 3292 praelio
308 3219 520 3270 maxumum
548 3191 597 3263 est
621 3185 832 3286 perieulum,
852 3187 914 3285 qui
937 3213 1105 3260 maxume

116 3320 148 3356 “⁴
162 3315 319 3399 timent:
349 3312 494 3387 audacia
512 3337 576 3409 pro
595 3336 696 3396 muro
714 3311 874 3383 habetur.
925 3311 1019 3382 Cum
1041 3311 1106 3380 vos
1147 3316 1148 3322 ’
1207 3395 1209 3397 ,

119 3442 146 3478 “
165 3435 364 3524 confidem,
384 3433 523 3522 milites,
544 3438 578 3506 δι
598 3457 681 3505 cum
706 3429 797 3502 falla
813 3429 924 3501 vestra
941 3429 1102 3518 aestum0‚

115 3561 146 3616 -“
165 3581 299 3653 magna
317 3580 375 3626 me
391 3554 467 3650 spes
486 3552 641 3626 vieloriae
658 3571 764 3624 tenet.
815 3547 982 3636 Animus
1007 3566 1104 3638 aems,

121 3674 278 3748 “virtus
301 3674 420 3748 uestra
446 3675 656 3759 hortantur;
689 3689 852 3769 preterea
879 3669 1105 3758 neceffitudo,

120 3802 147 3852 “
166 3823 247 3908 quae
279 3794 387 3878 etiam
415 3795 557 3878 timidos
574 3793 671 3880 fortis
690 3791 783 3872 facit.
833 3787 930 3890 Nam
948 3787 1105 3872 multitu„
