2672 4682
206 307 251 407 56
397 303 997 380 C.Crt1sr1SA1.r.usr11

205 479 374 571 exercitu,
402 481 487 554 locis
515 475 727 577 aequioribus
749 475 949 576 expeditus,
976 473 1013 548 in
1036 471 1123 572 fuga
1138 471 1193 548 ses

206 623 380 698 queretur.
430 604 498 674 Sed
518 598 669 672 Catilina
687 590 872 696 pustquam
890 593 1193 674 videtmontibus

206 741 310 820 atque
338 722 450 820 copiis
479 719 629 792 hostium
658 717 724 792 sese
753 718 921 809 clausum,
957 717 993 790 in
1021 718 1107 791 urbe
1135 739 1191 790 res

145 841 147 852 '
206 842 378 932 adversas,
397 865 510 937 neque
523 839 632 940 fugae,
652 865 766 938 neque
784 839 930 937 praefidii
943 841 1052 913 ullam
1064 836 1161 936 spem
1178 865 1190 923 ;

207 983 393 1060 optumum
421 959 552 1070 festum
569 981 675 1050 ratus,
706 961 742 1034 in
758 960 817 1035 tali
841 987 878 1034 re
901 961 1080 1034 fortunam
1104 957 1192 1033 belli

206 1104 351 1173 tentare,
378 1081 494 1154 statuit
518 1108 600 1155 cum
625 1081 786 1155 Antonio
807 1109 915 1181 quam
933 1081 1085 1180 primum
1102 1105 1189 1153 con-

193 1206 336 1303 sfligere.
386 1205 521 1300 Itaque,
548 1201 723 1276 concione
739 1203 924 1306 advocsta,
950 1199 1190 1302 hujuscemodi

208 1324 399 1399 orationem
417 1323 550 1398 habuit.

256 1445 388 1518 LVIII.
427 1452 454 1488 “
473 1445 730 1520 CoMeErruM
772 1472 841 1548 ego
877 1449 1005 1538 habe0,
1047 1444 1190 1536 milites,

208 1574 235 1618 ⁴‘
255 1567 360 1638 verbs
385 1564 550 1640 virtutem
577 1593 650 1641 non
674 1569 827 1655 addere3
855 1593 969 1668 neque
988 1593 1032 1640 ex
1056 1567 1189 1665 ignavo

209 1693 236 1743 ἐς
254 1688 445 1777 strenuum,
484 1713 598 1786 neque
626 1688 753 1762 fortem
776 1715 821 1763 ex
844 1687 970 1762 timido
996 1687 1191 1768 exercitum

206 1817 234 1858 “
252 1808 401 1882 oratione
442 1807 657 1905 imperatoris
691 1810 777 1896 fieri
838 1815 981 1908 Qanta
1021 1808 1188 1908 cujusque

207 1937 236 1986 (ι
254 1929 370 2003 animo
387 1927 531 2002 audacia
554 1951 691 2021 natura,
717 1952 778 2004 aut
796 1931 955 2017 moribus
971 1929 1068 2020 inest,
1093 1947 1192 2003 tanta

101 2124 105 2140 s
209 2059 236 2107 =“
254 2051 290 2124 in
308 2051 400 2123 bello
417 2069 534 2145 patere
551 2051 646 2124 solet.
664 2056 782 2149 Qem
800 2077 915 2150 neque
934 2050 1058 2150 gloria,
1077 2074 1193 2148 neque

208 2171 410 2269 “pericula
435 2171 601 2260 excitant,
628 2172 870 2270 nequidquam
897 2174 1058 2244 hortere:
1086 2172 1194 2246 timor

206 2301 234 2348 l‘
252 2291 360 2364 animi
376 2292 515 2366 auribus
531 2293 663 2368 obficit.
714 2293 781 2394 Sed
798 2317 866 2390 ego
884 2317 960 2380 vos,
988 2276 1061 2388 quo
1079 2317 1193 2388 pauca

207 2421 235 2470 ⁴‘
253 2438 445 2504 monerem,
475 2413 670 2498 advocavi;
699 2415 798 2486 fimul
815 2412 866 2486 uti
891 2412 1041 2485 cauffam
1059 2413 1193 2488 confilii

207 2541 236 2590 “
254 2533 436 2631 aperirem.
478 2533 576 2608 Scitis
593 2533 773 2632 equidem,
789 2531 940 2624 milites,
967 2532 1122 2607 secordia
1141 2555 1194 2608 at·

207 2661 235 2702 “
255 2679 324 2751 que
350 2653 496 2752 ignavia·
509 2655 653 2728 Lentuli
676 2674 845 2752 quantam
879 2655 940 2753 ipsr
964 2655 1101 2728 cladem
1128 2681 1193 2728 no-

205 2772 373 2872 “bisque
397 2771 575 2862 eittulerit3
604 2801 748 2874 quoque
765 2778 886 2868 modu,
916 2778 1004 2850 dum
1032 2799 1078 2849 ex
1105 2777 1193 2850 urbe
1219 2799 1222 2804 ·

205 2903 234 2938 “
252 2895 408 2992 praefidia
432 2895 610 2993 opperior,
636 2896 673 2968 in
698 2897 851 2971 Galliam
869 2895 1040 2996 proficisci
1064 2897 1189 2994 nequi-

206 3023 234 3059 “
252 3015 374 3088 verim.
436 3019 544 3090 Nunc
583 3043 654 3115 quo
690 3017 727 3090 in
761 3020 842 3092 loeo
876 3043 930 3092 res
960 3017 1083 3092 nostrae
1114 3021 1192 3108 fint‚

207 3144 235 3182 “
247 3136 351 3235 juxta
393 3162 535 3210 mecum
569 3163 691 3212 omnes
736 3138 946 3238 intellegitis.
1008 3137 1195 3212 Exercitus

165 3287 171 3294 ·
207 3256 404 3330 “hostium
426 3258 512 3346 du0,
550 3277 640 3330 unus
658 3260 703 3331 ab
719 3260 820 3349 urbe,
849 3262 932 3339 alter
955 3285 976 3332 a
997 3243 1113 3332 Gellia
1129 3261 1195 3333 ob-

127 3365 129 3374 *
206 3386 235 3422 “
253 3379 367 3454 stant:
395 3377 526 3451 diutius
541 3377 578 3450 in
595 3377 650 3451 his
666 3379 751 3452 locis
775 3382 857 3472 elle,
884 3383 906 3454 fi
924 3404 1094 3454 maxume
1119 3379 1195 3453 ani-

208 3507 236 3561 ‘.‘
254 3527 333 3574 mus
351 3497 451 3588 fe'rat,
490 3496 656 3572 frumenti
678 3501 784 3599 ¹atque
800 3500 946 3576 aliarum
963 3524 1079 3574 rer-um
1097 3497 1195 3597 egeln

208 3627 236 3669 “
255 3640 306 3692 tas
344 3619 532 3717 prohibet.¹
560 3623 822 3720 'Qrocumque
854 3621 905 3720 ire
936 3621 1065 3718 placet,
1105 3617 1197 3693 ferro

208 3730 316 3830 “iter
340 3741 574 3848 aperiundum
599 3743 657 3818 est.
707 3746 933 3851 Quapropter
956 3767 1021 3818 vos
1049 3765 1196 3843 moneo,
