2668 4698
236 366 243 373 ·
331 346 397 418 Do
423 345 557 416 Brito
579 344 731 421 Crvr'tr.
755 343 816 458 ‚M‘
837 344 955 416 1„ss
1063 344 1134 443 μῦς
1236 326 1238 336 χ

150 519 356 600 andanems
380 539 579 618 acceptum,
606 519 701 618 Sylla
723 535 916 614 revocaret,
944 518 1136 594 stadversae

151 663 268 740 partes
285 643 391 718 effent
413 661 616 738 amputatae,
644 639 782 738 penitus
811 638 856 710 ad
886 639 1075 716 Sertorium
1105 643 1138 718 so

151 785 259 862 atque
290 764 376 838 alios
399 761 551 862 ejusdem
582 759 745 837 santonis
764 761 871 834 duces
901 759 1136 858 applicarunt,

152 885 379 983 omnia,qt1ae
396 883 597 981 imperaret,
614 885 684 956 fine
701 879 913 956 recusatione
931 883 1137 978 promitten-

152 1025 205 1080 tes
222 1008 288 1079 effe
304 1003 466 1104 faetoron
516 1007 641 1102 Itaque
657 1003 791 1078 fastum
808 1001 869 1093 est,
897 1022 935 1080 ut
952 999 1067 1076 rursus
1080 1006 1138 1076 fir.

154 1122 334 1201 miffimus‘
344 1129 427 1205 XL,
445 1127 645 1208 cohortium
661 1143 937 1223 comportaretur
953 1125 1140 1213 exercitet,

152 1251 251 1328 Nam
270 1254 304 1322 tc
323 1247 424 1328 multi
449 1247 590 1338 milites,
618 1245 681 1345 qui
708 1244 741 1322 se
771 1244 926 1320 venienti
947 1247 1050 1341 Syllae
1066 1266 1138 1320 tra·

154 1370 331 1467 diderant,
358 1368 598 1460 frustrationis,
625 1369 671 1440 ad
689 1349 849 1464 priorum
879 1369 1012 1449 dueum
1034 1368 1141 1442 castra

153 1509 382 1580 reverterunt,
423 1515 503 1587 quae
533 1509 614 1563 onte
645 1488 883 1587 prodiderant.
940 1491 1037 1562 Inter
1064 1491 1140 1566 haee

154 1609 238 1685 faeti
254 1612 332 1685 sunt
345 1609 669 1708 Marius'fepties&
687 1611 805 1684 Carbo
821 1607 1000 1682 Consules.

206 1736 306 1812 VIII.
332 1735 440 1808 Tune
458 1732 644 1823 Sertorius,
665 1733 712 1806 de
734 1729 843 1804 Marii
863 1731 1032 1827 potestate
1045 1730 1142 1806 secu-

153 1881 212 1929 ms
247 1859 406 1930 Romam
436 1853 548 1945 venit,
584 1860 617 1927 δι
647 1851 810 1926 omnium
845 1851 954 1949 coepit
983 1853 1142 1929 accusare

154 1975 352 2075 segnitiem,
381 1981 414 2049 δι
432 2003 477 2048 ex
496 1975 615 2048 multis
652 1973 887 2072 promtiffimis
910 1965 1006 2047 foetis
1040 1975 1143 2070 Sylla

156 2097 364 2170 industriam
388 2097 626 2194 virtutemque
649 2097 814 2183 laudare3
838 2094 899 2168 eui
919 2093 979 2176 nisi
997 2095 1143 2174 obviam

158 2219 279 2308 iretur,
315 2221 433 2292 aetum
461 2216 544 2317 jem
571 2245 610 2292 ae
647 2219 865 2323 debellatum
896 2217 1003 2291 foret·
1043 2218 1143 2290 Tum

160 2338 328 2413 Consules
350 2339 592 2438 principesque
615 2339 669 2420 alii
694 2337 867 2429 faotionis,
894 2358 992 2423 tanto
1017 2340 1143 2411 verbo-

156 2487 237 2552 rum
261 2463 415 2558 pondere
440 2460 611 2560 castigati,
640 2464 708 2535 five
724 2479 764 2540 ut
780 2461 949 2538 aemulum
972 2487 1012 2534 ac
1038 2463 1144 2533 vehe-

157 2602 315 2656 mentem
336 2583 559 2681 negligentiae
577 2583 809 2656 correetorem
827 2584 872 2656 ab
894 2581 1004 2654 oculis
1029 2605 1144 2652 remo-

159 2723 297 2794 verent,
327 2707 396 2776 five
415 2725 453 2776 ut
470 2702 577 2776 feroci
599 2701 803 2799 provinciae,
830 2699 927 2800 enjus
956 2701 1143 2775 infidelita-

161 2845 234 2898 tem
253 2825 439 2914 timebant,
467 2824 635 2896 idoneum
665 2843 911 2920 praeponerent
927 2823 1057 2894 ducem
1079 2823 1145 2896 mi-

159 2944 229 3018 sere
259 2945 295 3017 in
330 2943 776 3041 citerioremHifpaniam3
802 2963 907 3040 atque
936 2941 968 3014 ei
998 2944 1150 3017 manda-'

160 3087 240 3139 tum
263 3065 327 3156 est,
360 3084 400 3138 ut
424 3069 587 3140 tranfiens
623 3089 675 3138 res
702 3065 739 3138 in
772 3063 887 3139 Gallia
913 3062 1145 3164 Transalpina

163 3176 404 3286 componeret.
457 3187 524 3260 Sed
552 3186 616 3264 ubi
643 3186 680 3258 in
711 3186 929 3282 provinciam
962 3187 1075 3282 venit,
1100 3185 1149 3262 ita

162 3309 298 3382 strenue
315 3307 485 3380 sociorum
504 3305 725 3407 animotjam
743 3307 944 3385 deficientes
961 3327 1067 3404 atque
1080 3308 1153 3379 alia‘

161 3430 342 3526 cupientes
371 3428 407 3500 in
436 3427 594 3502 favorem
629 3427 782 3530 partium
810 3407 963 3515 suornm,
992 3429 1149 3502 modeste

163 3551 295 3624 tuendo
325 3569 430 3646 atque
455 3529 678 3622 blandiendo
701 3548 878 3646 perduxit,
914 3566 954 3622 ut
983 3548 1021 3618 δι
1049 3537 1148 3622 carus

160 3673 264 3761 effer,
293 3674 326 3742 &
350 3655 469 3743 ranien'
504 3673 548 3744 ab
577 3669 967 3744 omnibus¹timeretun
1019 3671 1086 3742 Sed
1113 3671 1149 3744 in

163 3793 250 3882 urbe·
265 3791 370 3888 Syllo
396 3795 428 3864 δι
456 3792 593 3867 Marius
622 3790 835 3880 conflixere:
874 3809 980 3888 atque
1009 3791 1044 3866 in
1075 3790 1149 3894 ipfo,
