2662 4686
250 331 316 406 126
464 322 506 397 C.
539 315 1052 396 CnrsrrSnttosrrt
1131 409 1134 418 Ι

245 529 330 577 cum
347 501 418 600 ipse
434 503 479 577 ad
497 501 741 600 imperandum
753 497 926 572 Tisidium
944 515 1138 589 vocaretur,
1153 519 1232 578 rurs

241 622 299 697 sus
323 624 432 722 coepit
450 625 586 698 fledere
602 620 760 694 animum
780 618 896 711 suum,
919 623 953 692 δι
970 643 1015 692 ex
1033 621 1126 694 mala
1144 647 1231 698 con·

244 743 383 818 scientia
418 743 526 842 digna
564 743 699 827 timere.
750 741 915 839 Denique
949 739 1069 814 multis
1105 741 1232 820 diebus

244 891 305 963 per
334 865 588 940 dubitationem
626 861 831 953 consumtis,
867 889 950 936 cum
988 864 1098 936 modo
1124 867 1232 940 taedio

243 1011 363 1060 rerum
388 984 614 1059 advorsarum
637 985 758 1064 omnia
781 985 875 1058 bello
904 964 1039 1081 potiora
1059 986 1230 1075 ducerem

127 1155 132 1164 ·
243 1107 422 1180 interdum
439 1105 555 1180 securn
577 1104 649 1204 ipse
673 1125 857 1204 reputaret,
876 1131 985 1204 quam
1003 1105 1119 1204 gravis
1136 1111 1232 1184 casus

244 1228 281 1302 in
306 1227 484 1302 servitium
514 1253 559 1301 ex
582 1254 693 1325 regno
721 1227 832 1314 soret;
871 1225 990 1300 multis
1023 1227 1231 1328 magnisque

244 1349 406 1448 praestdiis
436 1348 681 1448 nequidquam
708 1349 849 1448 perditis
873 1351 917 1421 de
940 1348 1077 1446 integro
1095 1353 1230 1426 bellum

242 1467 358 1542 sumit.
418 1474 546 1544 Rornae
575 1472 719 1544 Senatus
757 1472 802 1544 de
836 1469 1029 1569 provinciis
1053 1468 1231 1546 consultus

243 1589 455 1664 Numidiam
472 1593 622 1665 Metello
638 1593 852 1666 decreverat.

290 1715 427 1788 LXIII.
454 1715 535 1786 Pan
553 1713 649 1786 idem
665 1708 806 1810 tempus
815 1711 934 1786 Uticae
950 1711 1039 1786 sorte
1051 1714 1093 1786 C.
1107 1715 1230 1788 Mario

241 1859 305 1932 per
320 1834 445 1908 hostias
461 1833 514 1908 dis
536 1831 767 1932 suppIicante,
797 1839 975 1933 “magna
995 1855 1099 1933 atque
1122 1836 1227 1910 mira-

244 1955 374 2030 “bilia
402 1956 595 2053 portendi''
632 1953 801 2054 haruspex
830 1955 991 2029 dixerat:
1018 1961 1046 1998 ‘⁶
1064 1955 1232 2052 proinde,

243 2083 274 2122 “
292 2101 373 2174 qua
397 2075 516 2149 animo
539 2076 707 2175 agitabat,
734 2075 839 2150 fretus
869 2077 923 2155 dis
947 2095 1086 2175 ageret:
1116 2076 1232 2153 sortu-
1323 2099 1324 2130 ³

242 2203 271 2242 “
289 2223 373 2271 nam
390 2221 498 2294 quam
514 2195 708 2295 saepissume
725 2195 965 2293 expensatum
990 2201 1118 2272 annua
1134 2197 1230 2296 pros·
1323 2251 1324 2303 t

243 2325 273 2363 “
291 2345 373 2417 pera
389 2317 595 2392 eventura’'
644 2323 695 2392 At
719 2317 821 2390 illum
842 2315 920 2415 jam
947 2337 1048 2392 antea
1071 2319 1228 2396 consula-

242 2459 298 2514 tus
314 2440 439 2539 ingens
467 2439 597 2538 cupido
620 2439 843 2538 exagitabat:
876 2423 921 2512 ad
946 2463 1055 2537 quern
1079 2441 1227 2539 capiun-

241 2564 345 2653 dum,
362 2582 487 2660 praeter
500 2561 705 2635 vetustatem
723 2559 878 2652 familia,
896 2561 964 2635 alia
977 2560 1099 2635 omnia
1116 2565 1228 2636 abun·

241 2685 425 2758 deerant:
453 2682 630 2774 industria,
658 2681 826 2794 probitas,
851 2683 984 2757 militiae
1012 2709 1142 2783 magna
1162 2683 1229 2758 sci-

241 2807 349 2898 entia,
376 2807 512 2880 animus
538 2805 622 2880 belli
648 2805 786 2905 ingens,
812 2805 911 2880 domi
930 2805 1103 2898 modicus,
1134 2807 1228 2881 lubi-

241 2927 335 3002 dinis
368 2933 401 3001 &
432 2927 636 3001 divitiamm
666 2927 792 3017 viator,
828 2929 1076 3002 tantummodo
1105 2929 1233 3027 gloriae

122 3067 124 3074 ’
242 3037 384 3120 avidus:
428 3047 495 3122 Sed
513 3047 543 3120 is
557 3069 657 3122 natus
675 3051 871 3121 &omnem
897 3049 1083 3145 pueritiam
1098 3049 1229 3147 Arpini

241 3169 345 3258 altus,
372 3167 433 3240 ubi
459 3167 614 3265 primum
636 3168 874 3243 aetas'militiae
898 3171 1031 3268 patiens
1060 3169 1140 3262 suit,
1167 3170 1229 3244 sti-

241 3287 378 3388 pendiis
410 3287 595 3380 faciundis,
634 3314 706 3382 non
740 3291 867 3364 Graeca
894 3288 1068 3383 saaundia,
1110 3315 1229 3390 neque

241 3411 380 3486 urbatus
396 3409 577 3484 munditiis
593 3408 660 3483 sese
682 3411 839 3485 exercuit
853 3441 862 3486 ε
890 3411 938 3486 ita
954 3413 1044 3487 inter
1059 3413 1145 3486 artis
1160 3414 1231 3486 bo·

241 3557 304 3604 nas
336 3511 513 3631 integrum
551 3531 736 3631 ingenium
772 3533 873 3608 brevi
900 3535 1067 3636 adolevit.
1125 3535 1228 3634 Ergo

120 3703 125 3713 -
240 3651 305 3725 ubi
324 3653 479 3750 primurn
494 3652 711 3728 tribunatum
727 3653 914 3748 militarem
934 3658 1106 3755 apopulo
1124 3657 1224 3755 petit,

240 3773 412 3875 plerisque
440 3775 567 3852 faciem
596 3775 673 3875 ejus
695 3775 953 3876 ignorantibus,
984 3775 1087 3854 facile
1121 3797 1228 3854 notua
