2668 4698
258 361 331 434 ²90
426 331 567 406 Poacu
594 332 806 408 Laraonrr
833 329 1112 410 beornuino

258 535 320 584 mo
336 507 481 608 quidenl
494 508 668 600 omnium,
689 511 722 586 ἃ
740 511 809 582 sine
825 505 938 582 dubio
962 505 1039 605 post
1060 504 1235 582 Punicum

258 630 550 730 periculosissimo,
573 655 656 704 cum
672 627 802 702 diutius
830 627 867 706 in
889 629 1014 704 Senatu
1037 625 1083 700 de
1100 627 1235 726 eligen-

258 751 307 826 do
322 753 542 858 ¹Imperatore
558 749 758 828 dubitatum
775 747 901 839 fuiffet,
926 748 1100 846 planeque
1116 771 1237 822 omnes

258 871 490 970 ambigerent,
519 869 678 969 quisnam
706 868 918 970 sagacillimo
948 868 1042 967 Regi
1070 867 1235 966 sagaciffi·

258 1019 337 1070 mus
354 991 469 1066 noster
485 993 681 1089 Imperator
696 1009 955 1090 opponeretur:
984 988 1173 1084 Catilinam
1185 987 1236 1062 in·

261 1131 314 1186 ter
330 1137 453 1188 omnes
471 1112 728 1210 competitores,
757 1110 951 1186 incredibili
980 1110 1135 1208 quadam
1163 1135 1236 1186 am·

258 1233 398 1308 bitionis
415 1232 658 1332 magnitudine
674 1233 941 1332 deflagrantem,
955 1256 1078 1306 omnes
1094 1231 1238 1308 Senato-

258 1352 317 1426 riae
343 1350 518 1426 sententiae
544 1351 743 1450 rejecerunt,
796 1356 852 1428 Eo
868 1355 939 1428 telo
956 1352 1132 1450 perculsus
1148 1349 1237 1426 adeo

133 1455 138 1467 ⁸
258 1471 408 1548 Catilina
441 1471 521 1563 sirit,
549 1493 588 1546 ut
617 1473 734 1570 postea
763 1475 895 1548 nullam
925 1470 1091 1562 omiserit,
1120 1495 1237 1568 nequo

259 1594 506 1692 perturbanda
528 1594 645 1684 curiae,
675 1619 790 1692 neque
806 1592 992 1668 bsecrandi
1009 1597 1153 1667 Senatus
1178 1617 1237 1666 ος·ί

259 1717 441 1788 casronem.
490 1714 641 1787 Videbat
669 1740 822 1813 namque
842 1705 1082 1788 detestandam
1104 1712 1238 1810 cupidi

258 1851 368 1912 tatem
384 1833 480 1908 suam
509 1833 570 1912 illo
598 1833 786 1932 superstite,
806 1861 986 1932 nunquam
1013 1833 1049 1912 in
1078 1856 1161 1910 eum
1186 1833 1238 1905 lo-

202 1939 205 1946 ’
259 1981 343 2030 cum
360 1975 604 2052 perventuram
621 1954 709 2046 sore,
734 1955 780 2028 de
800 1978 872 2054 quo
888 1955 984 2030 illam
1007 1953 1146 2052 pridem
1160 1951 1237 2028 uni·

259 2073 365 2150 versae
378 2074 543 2154 'omnium
571 2101 676 2150 voces
701 2074 908 2173 ejiciendam
931 2076 999 2154 effe
1021 2073 1239 2172 putavissent,

258 2197 433 2270 Volvebat
460 2194 545 2275 item
571 2194 690 2270 animo
718 2194 869 2272 summas
903 2193 984 2270 vitae
1013 2193 1239 2284 necessitates,

259 2314 386 2416 quibus
403 2340 530 2397 exuere
550 2314 583 2402 se
600 2317 695 2416 polle
712 2314 957 2406 arbitrabatur,
976 2319 999 2390 fi
1017 2341 1089 2412 qua
1099 2315 1240 2400 ,ratione

259 2433 431 2534 praclarir
448 2434 703 2532 magistratibus
718 2434 915 2534 aspirasset:
945 2461 1039 2510 nunc
1057 2435 1130 2513 illas
1153 2460 1240 2510 vero

258 2547 371 2654 magis
397 2580 438 2639 ao
456 2554 568 2654 magis
586 2555 789 2647 instauratas
818 2555 973 2655 quotidie
1002 2552 1238 2652 intelligebat,

147 2669 154 2676 ’
258 2675 549 2775 quandoquidem
565 2675 759 2776 inspiceret,
793 2703 915 2752 omnes
934 2677 1013 2754 vita
1037 2673 1105 2752 suae
1126 2675 1239 2762 vratio·

258 2809 319 2872 nes
351 2822 392 2884 ea
419 2796 584 2876 sententia
615 2798 792 2904 jugulatae
821 2797 954 2897 prorsus
980 2789 1157 2871 extitisset
1198 2821 1238 2871 ac

259 2917 429 3014 quicquid
455 2919 675 3017 increpuisset
702 2919 858 3010 ulterius,
900 2916 1126 2994 metuendam
1173 2919 1240 3002 effe
1318 2977 1322 3072 p

260 3035 477 3129 consularem
508 3039 680 3137 vigiliam,
706 3040 936 3140 metuendum
968 3039 1035 3138 elle
1063 3033 1239 3136 judicium
1321 3087 1322 3132 3

187 3193 190 3204 s
259 3156 442 3230 Senatoriae
468 3159 669 3239 autoritatis.
827 3247 833 3252 ,
1069 3156 1071 3160 ’
1321 3159 1322 3162 ’

308 3279 406 3380 Vlll.
420 3279 527 3352 Hanc
545 3303 628 3356 vero
649 3278 746 3377 spem
768 3279 816 3356 ira
832 3279 1059 3377 exsanguem,
1085 3277 1134 3352 ita
1155 3303 1239 3360 con·¹

138 3421 145 3430 ·
260 3400 451 3474 sternatam-
471 3397 694 3472 consuetudo
713 3400 821 3484 erexit
844 3399 925 3474 vira
949 3397 1159 3497 pravissimae
1195 3398 1240 3472 ad

258 3545 365 3596 omne
383 3517 530 3610 facinus,
542 3544 657 3618 neque
672 3519 735 3592 otii
752 3518 802 3601 sui
820 3520 970 3618 patiens,
991 3544 1110 3617 neque
1121 3518 1238 3620 alieni,
1321 3553 1322 3560 ¹

199 3711 202 3726 ,
259 3639 383 3738 Qualis
401 3637 472 3738 ejus
488 3639 560 3714 vita
572 3638 688 3730 fuerit,
702 3643 759 3714 etsi
774 3643 937 3737 praeclare
948 3638 1163 3720 conscientia
1174 3666 1237 3740 pur

244 3760 351 3864 ‚blica
366 3779 536 3864 tenatur,
553 3759 636 3862 aua
655 3780 773 3861 tamen
790 3760 1013 3861 trustrnrae,
1031 3757 1235 3866 srunrtrfa
