2668 4698
120 361 291 434 Courna
309 359 479 434 Lucrum
500 361 680 436 Surorum
697 363 952 446 Cirrrrunu.
1003 391 1069 464 30¹

518 485 523 504 l

146 533 282 606 XVIII.
307 532 455 624 Videtis,
481 534 658 643 ‘Judiceu
701 521 817 608 lucem
861 533 1081 610 clarissimam

95 651 286 743 rationum,
313 679 420 751 quam
440 679 509 754 ego
534 653 691 752 profesto
718 653 840 728 censeo
856 651 961 730 nullis
978 654 1079 728 invo-

95 771 200 848 lucris
219 774 440 849 tenebrarum
457 771 596 848 suarum
612 774 812 852 obruituros
828 777 908 864 effe,
934 800 1000 846 nec
1018 777 1076 848 M.

95 893 244 966 Laecam
267 885 470 990 praeclaram
488 893 618 985 sedem,
645 915 750 992 atque
771 895 949 968 officinam
973 913 1077 966 teter-

79 999 195 1086 'ri'mae
214 1012 474 1112 conjurationis,
502 1040 566 1088 nec
592 1015 705 1112 ipsum
735 1013 935 1090 detestabile
957 1019 1078 1112 caput,

96 1154 203 1232 atque
230 1132 439 1208 obscoenum
468 1135 637 1208 artificem
665 1135 864 1208 Catilinam.
913 1135 1078 1232 Cumque

96 1256 174 1328 haec
199 1254 321 1328 omnia
347 1255 517 1345 constent,
550 1254 903 1328 animadvertendum
926 1255 987 1344 est,
1015 1282 1077 1352 pa-

95 1374 178 1448 riter
204 1401 279 1448 uno
307 1375 470 1449 maleficii
500 1401 626 1474 genere
652 1377 838 1452 Catilinam
866 1401 938 1448 non
967 1377 1077 1450 modo

96 1495 216 1586 DeoS,
247 1521 288 1568 ac
314 1494 475 1591 patriam,
514 1523 636 1570 verum
665 1497 770 1570 etiam
800 1522 927 1586 mores,
948 1497 1076 1596 leges,

96 1614 384 1690 consuetudinem
426 1615 535 1712 urbis,
576 1637 682 1720 atque
722 1615 877 1694 instituta
906 1614 1078 1714 majorum

96 1735 251 1812 violasse.

144 1858 247 1930 XIX.
272 1855 433 1930 Primum
463 1883 539 1932 xrr.
569 1857 696 1932 tabulis
726 1877 868 1931 cautum
896 1859 964 1930 effe
991 1885 1078 1958 cog·

94 1974 284 2071 noscimus,
312 2001 363 2049 uu
395 2005 487 2064 ers
520 2003 564 2050 ru
594 2005 696 2052 unua
732 2004 866 2052 ccurus
898 2003 1077 2054 uocrun-

95 2121 170 2170 uos
191 2121 417 2171 norrArtrr:
446 2098 574 2170 deinde
602 2099 679 2196 lege
704 2098 854 2172 Gabinia
876 2102 1088 2198 promulga-⁴

97 2237 179 2290 tum
196 2217 276 2306 effe,
304 2244 374 2304 our
389 2243 613 2292 coucrours
633 2241 758 2292 orans
779 2243 1080 2296 carru‘uusrruas

96 2363 146 2410 ru
176 2363 280 2410 unae
304 2363 609 2429 cournamssur,
642 2365 752 2431 Mona
781 2365 977 2434 MAJORUM
1007 2367 1078 2417 ca-

94 2483 244 2532 orrnrr
264 2481 467 2536 surrexero
490 2485 779 2534 murinarum.
829 2463 886 2536 De
900 2483 938 2535 te·
962 2463 1080 2562 itaque

26 2664 27 2668 Ἰ
94 2578 248 2654 Catilina
280 2576 438 2670 sciscitor,
468 2601 545 2676 tum
562 2579 674 2654 coetus
697 2581 780 2654 istos
796 2582 1079 2675 commilitonum

5 2731 6 2734 ¹
95 2718 240 2772 tuorum
256 2719 377 2772 contra
394 2719 567 2797 precepta
579 2727 655 2772 xrr.
667 2701 882 2790 tabularum,
899 2699 1018 2776 contra
1030 2705 1083 2776 le*

98 2845 159 2918 ges
177 2819 325 2910 nostras,
344 2840 466 2894 contra
487 2822 643 2909 Senatus,
661 2845 701 2892 ac
718 2819 828 2916 plebis
845 2821 1078 2912 autoritatem,
1114 2841 1123 2868 ¹

96 2941 205 3012 noctu
230 2941 409 3037 cogendos
425 2942 492 3012 effe
510 2939 697 3036 putavisti?
726 2938 864 3013 Deinde
882 2967 1015 3038 quaer0,
1039 2944 1079 3015 fi-

98 3061 242 3158 quando
275 3060 311 3136 in
339 3061 462 3134 lucem
492 3058 719 3156 sepulchrales
741 3057 814 3133 istae
839 3061 1090 3143 conciunculae.

96 3199 174 3254 tuae
192 3179 407 3276 prodiissent,
442 3179 527 3277 quid
552 3177 769 3277 responsurus
787 3177 900 3256 fuisses
922 3167 1085 3276 Senatui,

99 3301 187 3399 quid
213 3299 423 3388 consulibus,
455 3319 516 3372 aut
545 3299 632 3397 quid
659 3298 741 3371 viris
775 3300 937 3397 optimis,
974 3325 1080 3400 atque

99 3418 336 3494 amantiffimis
355 3418 498 3523 patria?
527 3419 625 3516 Qid
642 3422 737 3519 leges
750 3419 867 3519 igitur
882 3422 1010 3495 nostras
1026 3425 1080 3496 vi-

100 3542 174 3614 olas
191 3539 368 3612 Catilina?
397 3539 484 3638 quid
500 3542 644 3614 Senatus
656 3541 828 3614 autoritati
845 3534 1049 3618 contraditis
1063 3549 1079 3618 l

98 3659 264 3756 AEquum
281 3659 330 3733 est
347 3658 501 3734 instituta
523 3657 711 3757 majorum,
737 3681 841 3759 atque
868 3660 981 3735 edida
998 3663 1078 3762 grat

98 3777 239 3871 villimi,
277 3775 541 3879 sanetiffimique
565 3781 711 3873 ordinis,
739 3781 821 3881 quia
850 3781 1078 3884 perstringere
