2664 4692
276 319 337 399 De
364 327 463 402 Rea.
488 307 755 444 anruluor.
784 323 850 401 Er.
870 329 915 402 ll.
955 383 959 390 .
1017 349 1086 432 257

150 500 342 598 Qronia'm'
357 527 465 595 nunc,
491 501 543 576 uti
568 503 656 576 mihi
680 497 815 594 videor,
842 506 887 577 de
910 506 1012 601 plebe
1033 533 1086 580 re-

99 623 265 694 novanda
287 623 566 722 corrigendaque
587 623 748 696 disserui:
782 626 827 696 de
848 623 978 716 senato,
1006 654 1084 724 quae

99 743 165 815 tibi
182 745 320 841 agenda
342 745 519 834 videntur,
532 733 675 818 “dicant
725 743 916 842 Postquam
935 728 1020 820 mihi
1039 775 1083 820 ae·

101 883 155 936 tas
182 865 435 970 ingeniumque
464 866 630 954 adolevit,
658 867 751 938 haud
777 864 884 938 ferme
906 867 1010 940 armis
1034 889 1085 940 at-

99 1010 169 1082 que
194 987 292 1083 equis
310 1013 436 1084 corpus
461 986 615 1075 exercui,
642 983 699 1058 sed
725 983 883 1058 animum
902 985 938 1058 in
963 987 1096 1061 litteris.

99 1105 247 1202 agitavi,
275 1109 372 1206 quod
395 1125 518 1180 natura
533 1105 666 1179 firmius
683 1126 767 1209 erat,
794 1106 830 1179 id
848 1106 885 1179 in
906 1108 1083 1182 laboribus

99 1225 220 1298 habui.
274 1232 393 1324 Atque
417 1225 498 1324 egos
512 1227 548 1298 in
565 1253 606 1300 ea
623 1227 707 1317 vita,
735 1228 844 1299 multa
861 1227 1013 1326 legendo
1030 1249 1082 1302 at-

5 1391 7 1404 «
100 1373 171 1444 que
191 1347 380 1438 audiendo,
414 1347 462 1421 ita
488 1347 670 1444 comperii,
699 1347 818 1422 omnia
847 1373 969 1446 regna,
996 1349 1095 1424 item*

98 1466 272 1557 civitates,
299 1467 455 1541 nationes
473 1465 581 1564 usque
598 1489 641 1540 eo
664 1451 866 1565 prosperum
892 1468 1088 1566 imperium*

96 1588 266 1678 habuisse,
292 1591 379 1662 dum
389 1590 489 1686 apud
507 1613 567 1661 eos
593 1601 676 1662 vera
705 1587 845 1662 consilia
869 1592 1075 1664 valuerunt:

95 1709 314 1808 ubicumque
334 1711 458 1810 gratia,
485 1709 605 1800 timor,
632 1709 796 1804 voluptas
813 1733 853 1802 ea
875 1691 1077 1808 corrupere;

96 1831 174 1927 post
192 1833 310 1929 paullo
327 1830 523 1904 imminutae
541 1855 639 1928 opeS,
666 1827 794 1902 deinde
811 1830 992 1902 ademtum
1010 1831 1078 1904 im-
1167 1827 1169 1832 ’

97 1951 249 2047 perium,
289 1952 465 2048 postremo
486 1950 630 2048 servitus
663 1948 823 2046 impofita
853 1949 914 2022 est.
966 1951 1078 2049 Equi·

5 2071 6 2076 ’
94 2072 182 2151 dem
209 2098 277 2170 ego
307 2076 351 2145 sre
383 2071 479 2169 apud
503 2070 661 2143 animum
690 2091 811 2142 meum
839 2071 973 2144 statuo:
1003 2072 1078 2144 cui·

5 2205 6 2214 ’
93 2215 250 2288 cumque
265 2193 301 2266 in
316 2193 375 2266 sua
391 2191 533 2266 civitate
546 2190 700 2288 amplior.
712 2190 947 2289 illustriorque
964 2194 1076 2284 locus,
1130 2179 1132 2188 ¹

92 2336 203 2412 quam
220 2313 291 2386 aliis
307 2309 371 2404 est,
398 2313 428 2386 ei
446 2339 614 2413 magnam
632 2337 753 2386 curam
767 2314 834 2386 esse
852 2312 937 2410 reip.
979 2316 1078 2389 Nam

91 2433 224 2525 ceteris,
251 2432 344 2508 salva
364 2436 465 2525 urbe,
492 2434 741 2526 tantummodo
755 2433 895 2507 libertas
913 2453 989 2508 tuta
1005 2436 1074 2509 ost:

20 2651 25 2656 ‚
91 2555 152 2652 qui
183 2579 246 2652 per
272 2556 435 2629 virtutem
458 2555 519 2628 fibi
546 2555 702 2645 divitias,
735 2555 855 2644 decus,
883 2557 1071 2646 honorem,

91 2694 317 2774 pepererunt,
356 2675 418 2748 ubi
445 2677 603 2773 paullum
631 2674 798 2746 inclinata
826 2672 914 2771 resp.
952 2675 1075 2773 agitari

92 2796 218 2895 coepit,
239 2795 493 2900 ¹multipliciter
518 2795 654 2869 animus
684 2793 785 2881 curis,
819 2814 924 2890 atque
949 2795 1074 2870 labori-

89 2919 153 2990 bus
186 2915 365 3015 fatigatur,
392 2937 452 2989 aut
485 2915 648 3014 gloriam,
676 2932 737 2986 aut
765 2913 978 3008 libertatem,
1016 2938 1075 2992 aut

88 3063 163 3110 rem
198 3037 418 3128 familiarem,
451 3025 627 3110 defensat:
656 3034 819 3108 omnibus
848 3018 945 3110 locis'
963 3040 1073 3131 adest,

89 3155 248 3230 festinat:
277 3157 409 3257 quanto
427 3158 465 3229 in
488 3157 646 3231 secundis
668 3159 770 3230 rebus
793 3157 971 3230 florentior
993 3158 1073 3251 suit,
1102 3148 1110 3160 ⁸

88 3297 187 3352 tanta
212 3277 249 3350 in
276 3279 425 3352 adversis
452 3277 601 3375 asperius
630 3277 811 3376 magisque
832 3280 937 3352 anxie
954 3281 1074 3378 agitat.

88 3397 203 3497 Igitur
220 3398 282 3472 ubi
300 3399 419 3495 plebes
436 3397 580 3487 senatui,
609 3400 706 3470 ficuti
724 3425 851 3498 corpus
874 3401 1006 3488 anime,
1033 3427 1073 3472 0-

5 3525 7 3528 ’
88 3519 201 3610 hedit,
221 3517 362 3616 ejusque
379 3518 534 3592 consulta
552 3518 772 3618 exsequitur:
801 3540 914 3616 patres
932 3521 1075 3594 consilio

89 3641 203 3718 valere
230 3641 345 3730 decet,
383 3641 517 3736 populo
538 3637 789 3737 supervacanea
818 3640 865 3711 est
894 3639 1073 3715 calliditas.

88 3759 213 3859 Itaque
232 3757 516 3856 majoresmostri,
544 3785 627 3831 cum
646 3758 744 3832 bellis
773 3757 977 3856 asperrumis
995 3788 1071 3860 pro·
1168 3846 1174 3854 ,

580 3879 604 3949 3
652 3879 656 3887 ι
792 3891 811 3902 ,,
