<?xml version="1.0" encoding="UTF-8"?>
<!DOCTYPE html PUBLIC "-//W3C//DTD XHTML 1.0 Transitional//EN"
    "http://www.w3.org/TR/xhtml1/DTD/xhtml1-transitional.dtd">
<html xmlns="http://www.w3.org/1999/xhtml" xml:lang="en" lang="en">
 <head>
  <title>
</title>
<meta http-equiv="Content-Type" content="text/html;charset=utf-8" />
  <meta name='ocr-system' content='tesseract 3.04.00' />
  <meta name='ocr-capabilities' content='ocr_page ocr_carea ocr_par ocr_line ocrx_word'/>
</head>
<body>
  <div class='ocr_page' id='page_1' title='image "./caiicrispisallu00sallgoog_0319.png"; bbox 0 0 2668 4698; ppageno 0'>
   <div class='ocr_carea' id='block_1_1' title="bbox 145 381 1093 488">
    <p class='ocr_par' dir='ltr' id='par_1_1' title="bbox 145 381 1093 488">
     <span class='ocr_line' id='line_1_1' title="bbox 145 381 1093 488; baseline 0.009 -32"><span class='ocrx_word' id='word_1_1' title='bbox 145 382 316 456; x_wconf 81' lang='lat' dir='ltr'>Cournn</span> <span class='ocrx_word' id='word_1_2' title='bbox 332 381 703 488; x_wconf 21' lang='lat' dir='ltr'>LocrumxSenorunr</span> <span class='ocrx_word' id='word_1_3' title='bbox 722 384 977 465; x_wconf 75' lang='lat' dir='ltr'>Carrtrunu.</span> <span class='ocrx_word' id='word_1_4' title='bbox 1027 415 1093 488; x_wconf 85' lang='lat'>3¹1</span> 
     </span>
    </p>
   </div>
   <div class='ocr_carea' id='block_1_2' title="bbox 97 557 1097 3553">
    <p class='ocr_par' dir='ltr' id='par_1_2' title="bbox 111 557 1097 2590">
     <span class='ocr_line' id='line_1_2' title="bbox 117 557 1097 658; baseline 0.011 -28"><span class='ocrx_word' id='word_1_5' title='bbox 117 559 188 630; x_wconf 87' lang='lat' dir='ltr'>fine</span> <span class='ocrx_word' id='word_1_6' title='bbox 220 557 332 646; x_wconf 86' lang='lat' dir='ltr'>dubio</span> <span class='ocrx_word' id='word_1_7' title='bbox 363 557 649 658; x_wconf 83' lang='lat' dir='ltr'>consequeretur:</span> <span class='ocrx_word' id='word_1_8' title='bbox 693 561 876 638; x_wconf 89' lang='lat' dir='ltr'>ferreretur</span> <span class='ocrx_word' id='word_1_9' title='bbox 910 574 1028 640; x_wconf 84' lang='lat' dir='ltr'>amens</span> <span class='ocrx_word' id='word_1_10' title='bbox 1061 567 1097 640; x_wconf 87' lang='lat' dir='ltr'>in</span> 
     </span>
     <span class='ocr_line' id='line_1_3' title="bbox 115 677 1094 782; baseline 0.009 -32"><span class='ocrx_word' id='word_1_11' title='bbox 115 677 255 769; x_wconf 87' lang='lat' dir='ltr'>omnia,</span> <span class='ocrx_word' id='word_1_12' title='bbox 272 703 336 752; x_wconf 84' lang='lat' dir='ltr'>nec</span> <span class='ocrx_word' id='word_1_13' title='bbox 352 679 432 754; x_wconf 84' lang='lat' dir='ltr'>ullae</span> <span class='ocrx_word' id='word_1_14' title='bbox 450 680 596 756; x_wconf 86' lang='lat' dir='ltr'>rationes</span> <span class='ocrx_word' id='word_1_15' title='bbox 614 681 848 775; x_wconf 81' lang='lat' dir='ltr'>consiliorum,</span> <span class='ocrx_word' id='word_1_16' title='bbox 860 703 920 758; x_wconf 89' lang='lat' dir='ltr'>aut</span> <span class='ocrx_word' id='word_1_17' title='bbox 938 681 1094 782; x_wconf 91' lang='lat' dir='ltr'>pudoris,</span> 
     </span>
     <span class='ocr_line' id='line_1_4' title="bbox 115 799 1096 903; baseline 0.008 -32"><span class='ocrx_word' id='word_1_18' title='bbox 115 824 182 872; x_wconf 86' lang='lat' dir='ltr'>nec</span> <span class='ocrx_word' id='word_1_19' title='bbox 200 801 273 873; x_wconf 89' lang='lat' dir='ltr'>ulla</span> <span class='ocrx_word' id='word_1_20' title='bbox 289 799 402 875; x_wconf 89' lang='lat' dir='ltr'>studia</span> <span class='ocrx_word' id='word_1_21' title='bbox 419 803 642 876; x_wconf 89' lang='lat' dir='ltr'>humanitatis</span> <span class='ocrx_word' id='word_1_22' title='bbox 659 802 866 878; x_wconf 83' lang='lat' dir='ltr'>refrenarent</span> <span class='ocrx_word' id='word_1_23' title='bbox 884 805 1096 903; x_wconf 84' lang='lat' dir='ltr'>praecipitem</span> 
     </span>
     <span class='ocr_line' id='line_1_5' title="bbox 115 920 1095 1018; baseline 0.006 -26"><span class='ocrx_word' id='word_1_24' title='bbox 115 939 223 1018; x_wconf 87' lang='lat' dir='ltr'>atque</span> <span class='ocrx_word' id='word_1_25' title='bbox 244 920 425 999; x_wconf 86' lang='lat' dir='ltr'>incitatum</span> <span class='ocrx_word' id='word_1_26' title='bbox 444 921 581 996; x_wconf 89' lang='lat' dir='ltr'>cursum</span> <span class='ocrx_word' id='word_1_27' title='bbox 598 924 739 997; x_wconf 86' lang='lat' dir='ltr'>vetustae</span> <span class='ocrx_word' id='word_1_28' title='bbox 757 925 979 1000; x_wconf 86' lang='lat' dir='ltr'>crudelitatis.</span> <span class='ocrx_word' id='word_1_29' title='bbox 1028 926 1095 998; x_wconf 86' lang='lat' dir='ltr'>Ce-</span> 
     </span>
     <span class='ocr_line' id='line_1_6' title="bbox 116 1040 1095 1144; baseline 0.005 -31"><span class='ocrx_word' id='word_1_30' title='bbox 116 1043 245 1140; x_wconf 87' lang='lat' dir='ltr'>thegus</span> <span class='ocrx_word' id='word_1_31' title='bbox 277 1040 418 1116; x_wconf 88' lang='lat' dir='ltr'>inferior</span> <span class='ocrx_word' id='word_1_32' title='bbox 451 1043 646 1134; x_wconf 91' lang='lat' dir='ltr'>nobilitate,</span> <span class='ocrx_word' id='word_1_33' title='bbox 676 1064 781 1144; x_wconf 88' lang='lat' dir='ltr'>atque</span> <span class='ocrx_word' id='word_1_34' title='bbox 805 1045 960 1143; x_wconf 88' lang='lat' dir='ltr'>ingenio,</span> <span class='ocrx_word' id='word_1_35' title='bbox 990 1047 1095 1118; x_wconf 88' lang='lat' dir='ltr'>vehe-</span> 
     </span>
     <span class='ocr_line' id='line_1_7' title="bbox 114 1161 1096 1264; baseline 0.004 -30"><span class='ocrx_word' id='word_1_36' title='bbox 114 1161 249 1235; x_wconf 82' lang='lat' dir='ltr'>mentia</span> <span class='ocrx_word' id='word_1_37' title='bbox 263 1161 389 1241; x_wconf 92' lang='lat' dir='ltr'>furoris</span> <span class='ocrx_word' id='word_1_38' title='bbox 405 1165 511 1262; x_wconf 87' lang='lat' dir='ltr'>longe</span> <span class='ocrx_word' id='word_1_39' title='bbox 527 1164 726 1255; x_wconf 83' lang='lat' dir='ltr'>immanior,</span> <span class='ocrx_word' id='word_1_40' title='bbox 755 1191 878 1264; x_wconf 91' lang='lat' dir='ltr'>parum</span> <span class='ocrx_word' id='word_1_41' title='bbox 905 1192 926 1239; x_wconf 90' lang='lat' dir='ltr'>a</span> <span class='ocrx_word' id='word_1_42' title='bbox 952 1165 1096 1240; x_wconf 80' lang='lat' dir='ltr'>Lentuli</span> 
     </span>
     <span class='ocr_line' id='line_1_8' title="bbox 114 1280 1096 1360; baseline 0.005 -6"><span class='ocrx_word' id='word_1_43' title='bbox 114 1280 254 1356; x_wconf 90' lang='lat' dir='ltr'>somnio</span> <span class='ocrx_word' id='word_1_44' title='bbox 271 1282 446 1358; x_wconf 87' lang='lat' dir='ltr'>discedere</span> <span class='ocrx_word' id='word_1_45' title='bbox 463 1282 555 1358; x_wconf 91' lang='lat' dir='ltr'>visus</span> <span class='ocrx_word' id='word_1_46' title='bbox 571 1285 631 1358; x_wconf 87' lang='lat' dir='ltr'>est.</span> <span class='ocrx_word' id='word_1_47' title='bbox 690 1288 824 1359; x_wconf 90' lang='lat' dir='ltr'>Verum</span> <span class='ocrx_word' id='word_1_48' title='bbox 852 1284 1019 1360; x_wconf 87' lang='lat' dir='ltr'>insaniam</span> <span class='ocrx_word' id='word_1_49' title='bbox 1047 1288 1096 1359; x_wconf 92' lang='lat' dir='ltr'>le-</span> 
     </span>
     <span class='ocr_line' id='line_1_9' title="bbox 115 1403 1096 1504; baseline 0.004 -28"><span class='ocrx_word' id='word_1_50' title='bbox 115 1403 261 1478; x_wconf 84' lang='lat' dir='ltr'>viffimae</span> <span class='ocrx_word' id='word_1_51' title='bbox 300 1405 487 1504; x_wconf 88' lang='lat' dir='ltr'>opinionis,</span> <span class='ocrx_word' id='word_1_52' title='bbox 522 1405 728 1480; x_wconf 86' lang='lat' dir='ltr'>modestiore</span> <span class='ocrx_word' id='word_1_53' title='bbox 763 1406 930 1504; x_wconf 88' lang='lat' dir='ltr'>loquendi</span> <span class='ocrx_word' id='word_1_54' title='bbox 962 1406 1096 1480; x_wconf 85' lang='lat' dir='ltr'>ratione</span> 
     </span>
     <span class='ocr_line' id='line_1_10' title="bbox 114 1526 1095 1626; baseline 0.005 -30"><span class='ocrx_word' id='word_1_55' title='bbox 114 1545 303 1625; x_wconf 87' lang='lat' dir='ltr'>contegere</span> <span class='ocrx_word' id='word_1_56' title='bbox 321 1527 410 1600; x_wconf 88' lang='lat' dir='ltr'>velle</span> <span class='ocrx_word' id='word_1_57' title='bbox 426 1526 623 1600; x_wconf 87' lang='lat' dir='ltr'>videretur:</span> <span class='ocrx_word' id='word_1_58' title='bbox 653 1553 763 1626; x_wconf 88' lang='lat' dir='ltr'>genus</span> <span class='ocrx_word' id='word_1_59' title='bbox 779 1527 829 1600; x_wconf 91' lang='lat' dir='ltr'>est</span> <span class='ocrx_word' id='word_1_60' title='bbox 858 1526 953 1600; x_wconf 90' lang='lat' dir='ltr'>idem</span> <span class='ocrx_word' id='word_1_61' title='bbox 976 1547 1095 1601; x_wconf 88' lang='lat' dir='ltr'>tamen</span> 
     </span>
     <span class='ocr_line' id='line_1_11' title="bbox 115 1643 1094 1745; baseline 0.002 -27"><span class='ocrx_word' id='word_1_62' title='bbox 115 1643 256 1737; x_wconf 90' lang='lat' dir='ltr'>furoris,</span> <span class='ocrx_word' id='word_1_63' title='bbox 276 1648 470 1745; x_wconf 85' lang='lat' dir='ltr'>eademque</span> <span class='ocrx_word' id='word_1_64' title='bbox 488 1646 577 1721; x_wconf 91' lang='lat' dir='ltr'>ratio</span> <span class='ocrx_word' id='word_1_65' title='bbox 594 1648 843 1720; x_wconf 86' lang='lat' dir='ltr'>concelebratae</span> <span class='ocrx_word' id='word_1_66' title='bbox 860 1647 1094 1722; x_wconf 75' lang='lat' dir='ltr'>divinationis.</span> 
     </span>
     <span class='ocr_line' id='line_1_12' title="bbox 113 1765 1096 1864; baseline 0.001 -25"><span class='ocrx_word' id='word_1_67' title='bbox 113 1766 219 1840; x_wconf 90' lang='lat' dir='ltr'>Tales</span> <span class='ocrx_word' id='word_1_68' title='bbox 237 1767 274 1840; x_wconf 93' lang='lat' dir='ltr'>hi</span> <span class='ocrx_word' id='word_1_69' title='bbox 290 1765 457 1841; x_wconf 88' lang='lat' dir='ltr'>scelerum</span> <span class='ocrx_word' id='word_1_70' title='bbox 475 1767 638 1860; x_wconf 89' lang='lat' dir='ltr'>artifices,</span> <span class='ocrx_word' id='word_1_71' title='bbox 670 1770 847 1864; x_wconf 87' lang='lat' dir='ltr'>amboque</span> <span class='ocrx_word' id='word_1_72' title='bbox 865 1767 1027 1840; x_wconf 81' lang='lat' dir='ltr'>concitati</span> <span class='ocrx_word' id='word_1_73' title='bbox 1050 1769 1096 1840; x_wconf 90' lang='lat' dir='ltr'>ad</span> 
     </span>
     <span class='ocr_line' id='line_1_13' title="bbox 113 1868 1095 1986; baseline 0 -26"><span class='ocrx_word' id='word_1_74' title='bbox 113 1868 341 1960; x_wconf 83' lang='lat' dir='ltr'>evertendam</span> <span class='ocrx_word' id='word_1_75' title='bbox 359 1890 491 1986; x_wconf 91' lang='lat' dir='ltr'>Remp.</span> <span class='ocrx_word' id='word_1_76' title='bbox 522 1889 649 1986; x_wconf 88' lang='lat' dir='ltr'>partim</span> <span class='ocrx_word' id='word_1_77' title='bbox 678 1915 699 1962; x_wconf 84' lang='lat' dir='ltr'>a</span> <span class='ocrx_word' id='word_1_78' title='bbox 725 1886 850 1961; x_wconf 88' lang='lat' dir='ltr'>vesana</span> <span class='ocrx_word' id='word_1_79' title='bbox 865 1881 923 1985; x_wconf 90' lang='lat' dir='ltr'>spe</span> <span class='ocrx_word' id='word_1_80' title='bbox 941 1886 1095 1960; x_wconf 88' lang='lat' dir='ltr'>vaticinii</span> 
     </span>
     <span class='ocr_line' id='line_1_14' title="bbox 112 2007 1092 2106; baseline -0.001 -26"><span class='ocrx_word' id='word_1_81' title='bbox 112 2008 395 2098; x_wconf 87' lang='lat' dir='ltr'>commemorati,</span> <span class='ocrx_word' id='word_1_82' title='bbox 427 2007 555 2106; x_wconf 87' lang='lat' dir='ltr'>partim</span> <span class='ocrx_word' id='word_1_83' title='bbox 580 2035 601 2082; x_wconf 93' lang='lat' dir='ltr'>a</span> <span class='ocrx_word' id='word_1_84' title='bbox 626 2007 755 2082; x_wconf 87' lang='lat' dir='ltr'>nefaria</span> <span class='ocrx_word' id='word_1_85' title='bbox 771 2007 938 2082; x_wconf 86' lang='lat' dir='ltr'>scelemm</span> <span class='ocrx_word' id='word_1_86' title='bbox 956 2007 1092 2080; x_wconf 83' lang='lat' dir='ltr'>allidui·</span> 
     </span>
     <span class='ocr_line' id='line_1_15' title="bbox 113 2127 1090 2218; baseline 0 -18"><span class='ocrx_word' id='word_1_87' title='bbox 113 2145 185 2200; x_wconf 89' lang='lat' dir='ltr'>tate</span> <span class='ocrx_word' id='word_1_88' title='bbox 197 2127 382 2202; x_wconf 86' lang='lat' dir='ltr'>Catilinam</span> <span class='ocrx_word' id='word_1_89' title='bbox 395 2129 629 2218; x_wconf 88' lang='lat' dir='ltr'>offenderunt,</span> <span class='ocrx_word' id='word_1_90' title='bbox 644 2129 743 2203; x_wconf 91' lang='lat' dir='ltr'>novis</span> <span class='ocrx_word' id='word_1_91' title='bbox 756 2131 857 2216; x_wconf 90' lang='lat' dir='ltr'>rebus</span> <span class='ocrx_word' id='word_1_92' title='bbox 874 2127 1090 2200; x_wconf 87' lang='lat' dir='ltr'>studentem:</span> 
     </span>
     <span class='ocr_line' id='line_1_16' title="bbox 114 2246 1093 2349; baseline 0 -27"><span class='ocrx_word' id='word_1_93' title='bbox 114 2246 212 2344; x_wconf 88' lang='lat' dir='ltr'>eujus</span> <span class='ocrx_word' id='word_1_94' title='bbox 230 2250 384 2346; x_wconf 87' lang='lat' dir='ltr'>praesrdio</span> <span class='ocrx_word' id='word_1_95' title='bbox 401 2249 613 2349; x_wconf 78' lang='lat' dir='ltr'>consilioque</span> <span class='ocrx_word' id='word_1_96' title='bbox 629 2249 835 2347; x_wconf 89' lang='lat' dir='ltr'>cupiditates</span> <span class='ocrx_word' id='word_1_97' title='bbox 863 2247 936 2322; x_wconf 89' lang='lat' dir='ltr'>fuas</span> <span class='ocrx_word' id='word_1_98' title='bbox 963 2248 1010 2321; x_wconf 88' lang='lat' dir='ltr'>ita</span> <span class='ocrx_word' id='word_1_99' title='bbox 1034 2247 1093 2346; x_wconf 88' lang='lat' dir='ltr'>ju-</span> 
     </span>
     <span class='ocr_line' id='line_1_17' title="bbox 111 2367 1093 2466; baseline 0.001 -25"><span class='ocrx_word' id='word_1_100' title='bbox 111 2367 187 2442; x_wconf 85' lang='lat' dir='ltr'>vati</span> <span class='ocrx_word' id='word_1_101' title='bbox 204 2371 299 2466; x_wconf 83' lang='lat' dir='ltr'>polle</span> <span class='ocrx_word' id='word_1_102' title='bbox 315 2367 477 2444; x_wconf 88' lang='lat' dir='ltr'>facillime</span> <span class='ocrx_word' id='word_1_103' title='bbox 494 2369 729 2461; x_wconf 89' lang='lat' dir='ltr'>crediderunt,</span> <span class='ocrx_word' id='word_1_104' title='bbox 757 2375 779 2444; x_wconf 84' lang='lat' dir='ltr'>fi</span> <span class='ocrx_word' id='word_1_105' title='bbox 811 2369 889 2443; x_wconf 90' lang='lat' dir='ltr'>viro</span> <span class='ocrx_word' id='word_1_106' title='bbox 923 2367 1093 2443; x_wconf 89' lang='lat' dir='ltr'>sociorum</span> 
     </span>
     <span class='ocr_line' id='line_1_18' title="bbox 112 2489 725 2590; baseline 0 -26"><span class='ocrx_word' id='word_1_107' title='bbox 112 2489 345 2588; x_wconf 86' lang='lat' dir='ltr'>copiofiffimo</span> <span class='ocrx_word' id='word_1_108' title='bbox 369 2489 437 2563; x_wconf 76' lang='lat' dir='ltr'>sese</span> <span class='ocrx_word' id='word_1_109' title='bbox 462 2490 725 2590; x_wconf 87' lang='lat' dir='ltr'>conjunxiffent.</span> 
     </span>
    </p>

    <p class='ocr_par' dir='ltr' id='par_1_3' title="bbox 97 2610 1092 3553">
     <span class='ocr_line' id='line_1_19' title="bbox 161 2610 1092 2708; baseline -0.001 -23"><span class='ocrx_word' id='word_1_110' title='bbox 161 2612 285 2685; x_wconf 90' lang='lat' dir='ltr'>XXX.</span> <span class='ocrx_word' id='word_1_111' title='bbox 314 2611 376 2683; x_wconf 89' lang='lat' dir='ltr'>Est</span> <span class='ocrx_word' id='word_1_112' title='bbox 391 2610 487 2684; x_wconf 91' lang='lat' dir='ltr'>enim</span> <span class='ocrx_word' id='word_1_113' title='bbox 515 2611 551 2686; x_wconf 92' lang='lat' dir='ltr'>in</span> <span class='ocrx_word' id='word_1_114' title='bbox 581 2612 830 2700; x_wconf 82' lang='lat' dir='ltr'>illo-monstro,</span> <span class='ocrx_word' id='word_1_115' title='bbox 861 2611 958 2684; x_wconf 83' lang='lat' dir='ltr'>sicuti</span> <span class='ocrx_word' id='word_1_116' title='bbox 985 2613 1092 2708; x_wconf 87' lang='lat' dir='ltr'>paulo</span> 
     </span>
     <span class='ocr_line' id='line_1_20' title="bbox 109 2729 1091 2830; baseline -0.003 -24"><span class='ocrx_word' id='word_1_117' title='bbox 109 2750 190 2806; x_wconf 89' lang='lat' dir='ltr'>ante</span> <span class='ocrx_word' id='word_1_118' title='bbox 216 2729 411 2830; x_wconf 84' lang='lat' dir='ltr'>tetigimus,</span> <span class='ocrx_word' id='word_1_119' title='bbox 453 2731 505 2805; x_wconf 88' lang='lat' dir='ltr'>vis</span> <span class='ocrx_word' id='word_1_120' title='bbox 536 2731 666 2806; x_wconf 83' lang='lat' dir='ltr'>eximia</span> <span class='ocrx_word' id='word_1_121' title='bbox 695 2731 911 2820; x_wconf 86' lang='lat' dir='ltr'>facetiarum,</span> <span class='ocrx_word' id='word_1_122' title='bbox 940 2735 973 2802; x_wconf 74' lang='grc' dir='ltr'>δι</span> <span class='ocrx_word' id='word_1_123' title='bbox 1004 2729 1091 2803; x_wconf 90' lang='lat' dir='ltr'>ratio</span> 
     </span>
     <span class='ocr_line' id='line_1_21' title="bbox 110 2845 1090 2952; baseline -0.003 -25"><span class='ocrx_word' id='word_1_124' title='bbox 110 2853 276 2952; x_wconf 87' lang='lat' dir='ltr'>quaedam</span> <span class='ocrx_word' id='word_1_125' title='bbox 306 2853 511 2927; x_wconf 87' lang='lat' dir='ltr'>adumbrata</span> <span class='ocrx_word' id='word_1_126' title='bbox 527 2852 711 2944; x_wconf 91' lang='lat' dir='ltr'>virtutum,</span> <span class='ocrx_word' id='word_1_127' title='bbox 738 2849 848 2925; x_wconf 85' lang='lat' dir='ltr'>facilis</span> <span class='ocrx_word' id='word_1_128' title='bbox 865 2852 910 2924; x_wconf 90' lang='lat' dir='ltr'>ad</span> <span class='ocrx_word' id='word_1_129' title='bbox 928 2845 1090 2948; x_wconf 86' lang='lat' dir='ltr'>compre-</span> 
     </span>
     <span class='ocr_line' id='line_1_22' title="bbox 110 2969 1090 3048; baseline -0.002 0"><span class='ocrx_word' id='word_1_130' title='bbox 110 2975 338 3048; x_wconf 91' lang='lat' dir='ltr'>hendendum</span> <span class='ocrx_word' id='word_1_131' title='bbox 385 2974 546 3047; x_wconf 91' lang='lat' dir='ltr'>omnium</span> <span class='ocrx_word' id='word_1_132' title='bbox 599 2973 785 3048; x_wconf 91' lang='lat' dir='ltr'>hominum</span> <span class='ocrx_word' id='word_1_133' title='bbox 833 2969 1090 3047; x_wconf 84' lang='lat' dir='ltr'>familiaritates.</span> 
     </span>
     <span class='ocr_line' id='line_1_23' title="bbox 110 3093 1090 3192; baseline -0.001 -24"><span class='ocrx_word' id='word_1_134' title='bbox 110 3096 225 3175; x_wconf 85' lang='lat' dir='ltr'>Hunc</span> <span class='ocrx_word' id='word_1_135' title='bbox 248 3093 355 3192; x_wconf 87' lang='lat' dir='ltr'>igitur</span> <span class='ocrx_word' id='word_1_136' title='bbox 372 3094 557 3168; x_wconf 90' lang='lat' dir='ltr'>Catilinam</span> <span class='ocrx_word' id='word_1_137' title='bbox 574 3093 690 3191; x_wconf 89' lang='lat' dir='ltr'>adepti</span> <span class='ocrx_word' id='word_1_138' title='bbox 707 3093 884 3191; x_wconf 86' lang='lat' dir='ltr'>Cethegus</span> <span class='ocrx_word' id='word_1_139' title='bbox 902 3095 935 3166; x_wconf 73' lang='lat' dir='ltr'>dc</span> <span class='ocrx_word' id='word_1_140' title='bbox 953 3095 1090 3167; x_wconf 89' lang='lat' dir='ltr'>Lentu·</span> 
     </span>
     <span class='ocr_line' id='line_1_24' title="bbox 97 3211 1090 3312; baseline 0.002 -28"><span class='ocrx_word' id='word_1_141' title='bbox 97 3211 178 3304; x_wconf 88' lang='lat' dir='ltr'>lus,</span> <span class='ocrx_word' id='word_1_142' title='bbox 199 3213 311 3312; x_wconf 87' lang='lat' dir='ltr'>&amp;ipfi</span> <span class='ocrx_word' id='word_1_143' title='bbox 330 3213 509 3288; x_wconf 88' lang='lat' dir='ltr'>lenociniis</span> <span class='ocrx_word' id='word_1_144' title='bbox 526 3211 593 3287; x_wconf 93' lang='lat' dir='ltr'>suis</span> <span class='ocrx_word' id='word_1_145' title='bbox 608 3213 757 3312; x_wconf 87' lang='lat' dir='ltr'>infignes</span> <span class='ocrx_word' id='word_1_146' title='bbox 783 3215 827 3287; x_wconf 90' lang='lat' dir='ltr'>ad</span> <span class='ocrx_word' id='word_1_147' title='bbox 851 3239 957 3288; x_wconf 90' lang='lat' dir='ltr'>omne</span> <span class='ocrx_word' id='word_1_148' title='bbox 980 3239 1090 3312; x_wconf 88' lang='lat' dir='ltr'>genus</span> 
     </span>
     <span class='ocr_line' id='line_1_25' title="bbox 110 3333 1090 3432; baseline -0.003 -25"><span class='ocrx_word' id='word_1_149' title='bbox 110 3333 365 3408; x_wconf 72' lang='lat' dir='ltr'>benevolentia</span> <span class='ocrx_word' id='word_1_150' title='bbox 404 3333 637 3424; x_wconf 88' lang='lat' dir='ltr'>subeundum,</span> <span class='ocrx_word' id='word_1_151' title='bbox 681 3334 874 3432; x_wconf 86' lang='lat' dir='ltr'>deflagrare</span> <span class='ocrx_word' id='word_1_152' title='bbox 906 3333 1090 3430; x_wconf 83' lang='lat' dir='ltr'>coeperunt</span> 
     </span>
     <span class='ocr_line' id='line_1_26' title="bbox 109 3452 1090 3553; baseline -0.001 -26"><span class='ocrx_word' id='word_1_153' title='bbox 109 3454 307 3529; x_wconf 86' lang='lat' dir='ltr'>admirabili</span> <span class='ocrx_word' id='word_1_154' title='bbox 324 3455 475 3553; x_wconf 89' lang='lat' dir='ltr'>quadam</span> <span class='ocrx_word' id='word_1_155' title='bbox 493 3453 683 3551; x_wconf 89' lang='lat' dir='ltr'>cupiditate</span> <span class='ocrx_word' id='word_1_156' title='bbox 709 3452 767 3526; x_wconf 90' lang='lat' dir='ltr'>feu</span> <span class='ocrx_word' id='word_1_157' title='bbox 789 3452 993 3550; x_wconf 74' lang='lat' dir='ltr'>diripienda</span> <span class='ocrx_word' id='word_1_158' title='bbox 1016 3455 1090 3526; x_wconf 76' lang='lat' dir='ltr'>Ur-</span> 
     </span>
    </p>
   </div>
   <div class='ocr_carea' id='block_1_3' title="bbox 111 3570 1198 3673">
    <p class='ocr_par' dir='ltr' id='par_1_4' title="bbox 111 3570 1198 3673">
     <span class='ocr_line' id='line_1_27' title="bbox 111 3570 1198 3673; baseline -0.004 -24"><span class='ocrx_word' id='word_1_159' title='bbox 111 3574 179 3665; x_wconf 89' lang='lat' dir='ltr'>bis,</span> <span class='ocrx_word' id='word_1_160' title='bbox 209 3573 268 3648; x_wconf 91' lang='lat' dir='ltr'>seu</span> <span class='ocrx_word' id='word_1_161' title='bbox 296 3574 471 3673; x_wconf 84' lang='lat' dir='ltr'>potiendae</span> <span class='ocrx_word' id='word_1_162' title='bbox 498 3573 756 3648; x_wconf 91' lang='lat' dir='ltr'>dominationis.</span> <span class='ocrx_word' id='word_1_163' title='bbox 807 3574 880 3645; x_wconf 85' lang='lat' dir='ltr'>Hae</span> <span class='ocrx_word' id='word_1_164' title='bbox 902 3570 993 3663; x_wconf 91' lang='lat' dir='ltr'>funt,</span> <span class='ocrx_word' id='word_1_165' title='bbox 1024 3575 1089 3668; x_wconf 91' lang='lat' dir='ltr'>Ju-</span> <span class='ocrx_word' id='word_1_166' title='bbox 1190 3603 1198 3614; x_wconf 93' lang='lat'><strong>·</strong></span> 
     </span>
    </p>
   </div>
   <div class='ocr_carea' id='block_1_4' title="bbox 109 3690 1088 3793">
    <p class='ocr_par' dir='ltr' id='par_1_5' title="bbox 109 3690 1088 3793">
     <span class='ocr_line' id='line_1_28' title="bbox 109 3690 1088 3793; baseline -0.002 -25"><span class='ocrx_word' id='word_1_167' title='bbox 109 3695 219 3785; x_wconf 90' lang='lat' dir='ltr'>dices,</span> <span class='ocrx_word' id='word_1_168' title='bbox 249 3695 351 3793; x_wconf 90' lang='lat' dir='ltr'>hujus</span> <span class='ocrx_word' id='word_1_169' title='bbox 379 3693 500 3768; x_wconf 90' lang='lat' dir='ltr'>nefarii</span> <span class='ocrx_word' id='word_1_170' title='bbox 524 3692 686 3770; x_wconf 86' lang='lat' dir='ltr'>facinoris</span> <span class='ocrx_word' id='word_1_171' title='bbox 715 3693 960 3767; x_wconf 85' lang='lat' dir='ltr'>abominandae</span> <span class='ocrx_word' id='word_1_172' title='bbox 984 3690 1088 3783; x_wconf 87' lang='lat' dir='ltr'>faces,</span> 
     </span>
    </p>
   </div>
   <div class='ocr_carea' id='block_1_5' title="bbox 111 3811 1089 4034">
    <p class='ocr_par' dir='ltr' id='par_1_6' title="bbox 111 3811 1089 4034">
     <span class='ocr_line' id='line_1_29' title="bbox 111 3811 1089 3931; baseline -0.002 -42"><span class='ocrx_word' id='word_1_173' title='bbox 111 3815 148 3889; x_wconf 90' lang='lat' dir='ltr'>hi</span> <span class='ocrx_word' id='word_1_174' title='bbox 167 3815 246 3892; x_wconf 90' lang='lat' dir='ltr'>sunt</span> <span class='ocrx_word' id='word_1_175' title='bbox 261 3816 415 3891; x_wconf 86' lang='lat' dir='ltr'>crudeles</span> <span class='ocrx_word' id='word_1_176' title='bbox 432 3815 593 3915; x_wconf 89' lang='lat' dir='ltr'>igniculi,</span> <span class='ocrx_word' id='word_1_177' title='bbox 616 3813 744 3912; x_wconf 90' lang='lat' dir='ltr'>quibus</span> <span class='ocrx_word' id='word_1_178' title='bbox 761 3813 916 3931; x_wconf 74' lang='lat' dir='ltr'>errarsrlle</span> <span class='ocrx_word' id='word_1_179' title='bbox 933 3811 1089 3888; x_wconf 74' lang='lat' dir='ltr'>Catilina</span> 
     </span>
     <span class='ocr_line' id='line_1_30' title="bbox 575 3935 931 4034; baseline 0.025 -9"><span class='ocrx_word' id='word_1_180' title='bbox 575 3935 610 4008; x_wconf 85' lang='lat' dir='ltr'>X</span> <span class='ocrx_word' id='word_1_181' title='bbox 637 3960 661 4025; x_wconf 90' lang='lat'>4</span> <span class='ocrx_word' id='word_1_182' title='bbox 916 3997 931 4034; x_wconf 58' lang='lat' dir='ltr'>s</span> 
     </span>
    </p>
   </div>
   <div class='ocr_carea' id='block_1_6' title="bbox 0 0 1338 4698">
    <p class='ocr_par' dir='ltr' id='par_1_7' title="bbox 0 0 1338 4698">
     <span class='ocr_line' id='line_1_31' title="bbox 0 0 1338 4698; baseline 0 2"><span class='ocrx_word' id='word_1_183' title='bbox 0 0 1338 4698; x_wconf 95' lang='lat' dir='ltr'> </span> 
     </span>
    </p>
   </div>
  </div>
 </body>
</html>
