2664 4692
261 339 333 408 204
525 315 828 420 Sassusrrr
871 309 1038 388 Hrsr.
1135 331 1141 342 ¹

256 489 343 588 gatis
360 488 611 564 necessitatibus
629 487 790 587 privatim
806 487 893 562 mihi
909 485 1096 564 consulere.
1149 485 1234 562 His·

256 609 397 710 paniam
414 609 620 698 citeriorem,
642 635 722 708 quae
748 635 820 682 non
845 611 892 682 ab
907 608 1063 682 hostibus
1081 621 1236 697 tenetur,

255 756 319 810 nos
348 751 409 806 aut
433 730 600 804 Sertorius
623 712 668 804 ad
693 730 968 804 internecionem
997 728 1235 813 vastavimus;

256 871 377 950 prater
393 841 596 924 maritumas
613 850 785 940 civitates,
803 876 880 949 quae
896 849 992 924 ultio
1019 849 1119 922 nobis
1143 846 1236 920 sum·

256 971 311 1047 toi
327 970 504 1068 onerique.
554 971 670 1044 Gallia
700 969 872 1068 superiore
888 995 981 1042 aruro
1008 967 1149 1042 Metelli
1173 993 1238 1040 ex·

255 1091 403 1166 ercitum
418 1090 591 1188 stipendio
606 1089 852 1189 frumentoque
866 1090 973 1166 aluit:
1000 1095 1033 1164 dr
1048 1115 1144 1164 nune
1159 1113 1236 1162 ma-

257 1211 486 1288 lissruilibus
503 1210 575 1309 ipsa
591 1211 653 1286 vix
669 1212 787 1311 agitat.
839 1215 921 1310 Ego
944 1237 1017 1284 non
1044 1235 1119 1284 rem
1135 1209 1238 1284 sami·
1316 1243 1319 1250 ·

257 1334 378 1408 liarem
394 1333 520 1422 modo,
549 1357 672 1406 verum
693 1332 798 1406 etiam
829 1333 938 1406 fidem
954 1329 1135 1406 consomsr.
1161 1334 1237 1406 Re·

257 1454 347 1552 liqui
362 1477 427 1528 vos
444 1452 545 1526 estis:
573 1452 635 1551 qui
659 1452 720 1527 nifi
746 1452 950 1545 subvenitis,
967 1452 1081 1526 invito
1096 1456 1130 1525 δι
1148 1475 1238 1549 prae·

257 1574 398 1648 dicente
415 1599 488 1664 me,
506 1573 675 1648 exercitus
692 1573 788 1664 hine,
816 1577 851 1648 &
881 1599 962 1648 cum
980 1599 1022 1647 eo
1038 1598 1145 1646 oume
1161 1573 1238 1646 bel-

254 1697 335 1786 lum
363 1694 542 1793 Hispania
569 1692 606 1769 in
638 1695 773 1768 ltaliam
801 1693 1100 1794 transgredientur.

305 1819 475 1916 Namque
503 1815 571 1906 his,
601 1838 725 1914 praeter
748 1811 847 1890 solita
875 1815 1003 1906 vitiosis¹
1028 1813 1237 1913 magistrati·

257 1941 337 2029 bos,
363 1963 445 2012 cum
470 1962 531 2034 per
559 1963 703 2012 omnem
732 1936 952 2035 provinciam
988 1935 1239 2011 infecunditate

258 2057 390 2132 biennii
419 2057 583 2154 proxumi
612 2081 719 2155 grave
748 2057 901 2158 pretium
934 2055 1104 2132 frutribus
1144 2059 1239 2131 esset.
1322 2075 1323 2166 q

202 2201 206 2210 ’
260 2177 344 2250 Non.
363 2177 473 2250 Grave
489 2181 629 2250 inultum.
1167 2277 1170 2286 1

306 2295 361 2370 Hi
394 2293 533 2404 soltibus
558 2297 748 2395 occupatis,
776 2317 853 2372 tum
881 2319 1107 2374 externorum
1135 2323 1240 2400 agros
1316 2355 1320 2368 ,

258 2413 436 2490 invasere:
454 2414 690 2521 frumentique
705 2443 750 2492 ex
767 2418 887 2517 inopia
904 2419 1004 2518 gravi
1008 2421 1117 2516 satim
1133 2421 1237 2498 farta
1271 2421 1277 2436 '
1321 2437 1322 2440 ’

258 2533 358 2622 idem,
382 2537 490 2608 Satias
501 2539 714 2636 prostitietar.

307 2657 437 2754 Neque
458 2655 535 2756 jam
561 2657 714 2734 sustineri
741 2679 875 2758 poterat
903 2660 1113 2738 immensum
1135 2665 1239 2738 sueto

260 2776 360 2866 mari,
379 2781 413 2850 lle
431 2799 537 2852 vento
555 2777 723 2878 gliscenti.
773 2782 872 2867 Idem,
892 2781 1005 2876 Gliscit
1025 2785 1067 2877 est
1088 2780 1238 2881 congelrff·

258 2901 313 2984 cit,
337 2900 504 2996 colligitur,
530 2903 671 2997 ignescit,
697 2905 820 2996 crescit.

177 3055 213 3077 .·
308 3021 468 3090 Actum
488 3045 669 3111 nraxume,
693 3022 742 3095 uti
763 3019 848 3096 solet
869 3022 1033 3098 extremis
1055 3023 1092 3096 in
1117 3027 1236 3115 rebus,
1320 3091 1321 3117 ,

258 3133 320 3224 srbi
335 3133 481 3232 quisque
498 3139 718 3214 cariffurnum
734 3142 832 3216 domi
848 3139 1035 3233 recordari,
1049 3145 1239 3244 onustique

257 3253 418 3328 omniurn
444 3257 609 3332 ordinum
638 3281 795 3336 extrema
828 3263 948 3338 munia
980 3262 1087 3362 sequi.
1139 3265 1240 3354 Idm,

258 3375 391 3464 Mania,
416 3375 524 3470 officia.

178 3563 185 3578 ,
307 3497 353 3567 Et
369 3494 457 3570 sorte
473 3495 510 3568 in
533 3498 736 3598 navigando
758 3503 883 3579 cohors
900 3533 983 3597 una,
1003 3505 1129 3604 grandi
1135 3508 1240 3602 saffris
1319 3485 1320 3514 ³

258 3615 360 3688 vesta
374 3641 395 3688 a
411 3615 532 3691 ceteris
548 3618 734 3715 deerravit,
752 3625 909 3724 marique
935 3626 1074 3726 placido
1099 3653 1123 3700 a·
1150 3627 1238 3702 duo·
