2662 4686
122 310 124 322 Ι
207 301 327 433 155.
397 328 1014 422 C.Cnraa18nar.usr1'1

207 513 235 552 “
254 506 352 606 Qun
374 531 460 606 ergo
477 508 575 604 quod
595 501 711 608 juvat,
739 504 836 602 quod
849 526 974 576 carum
990 499 1187 590 aestumant,

207 627 292 705 “id
319 625 453 726 semper
479 625 630 701 faciant:
667 645 800 717 ament,
832 642 979 722 potent;
1007 620 1070 696 ubi
1102 621 1189 694 ado·

207 757 234 794 “
253 747 452 824 lescentiam
484 748 650 838 habuere,
683 745 733 821 ibi
759 744 974 820 senectutem
1001 759 1123 840 agant,
1153 741 1189 814 in

207 877 234 914 “
253 868 437 960 conviviis,
463 867 573 942 dediti
595 868 710 942 ventri
730 873 762 944 δι
781 866 985 966 turpiflimae
1003 861 1092 961 parti
1111 889 1190 936 cor-

207 997 234 1038 “
254 990 369 1088 poris:
399 987 573 1080 sudorem,
608 991 789 1088 pulverem
820 993 853 1062 &
883 987 950 1062 alia
977 985 1058 1058 talia
1085 985 1189 1061 relin-

207 1119 236 1156 “
255 1129 365 1212 quant
378 1109 499 1201 nobis,
519 1112 647 1210 quibus
670 1111 731 1185 illa
748 1109 858 1208 epulis
868 1107 1082 1208 jucundiora
1098 1104 1189 1180 sunt.

208 1235 388 1306 “Verum
406 1257 479 1306 non
497 1232 546 1304 est
563 1232 621 1306 ita.
671 1235 769 1308 Nam
792 1230 855 1304 ubi
878 1229 911 1304 se
935 1228 1101 1302 omnibus
1127 1231 1190 1302 fla-

207 1360 237 1400 “
257 1352 350 1452 gitiis
378 1352 633 1428 dedecoravere
664 1350 863 1449 turpiffumi
891 1344 970 1439 viri,
1012 1351 1190 1424 bonorum

211 1479 239 1516 “
259 1472 404 1570 praemia
421 1494 580 1570 ereptum
598 1493 692 1546 eunt.
742 1475 794 1546 Ita
811 1471 1034 1572 injustiffume
1051 1469 1192 1544 luxuria

171 1609 178 1616 '
208 1599 290 1666 “aa
324 1593 478 1692 ignavia,
509 1595 674 1692 peffumae
710 1612 812 1682 artes,
847 1592 928 1683 illis,
959 1592 1022 1690 qui
1054 1593 1193 1666 coluere

198 1722 237 1772 “l‘
256 1741 326 1805 eas,
358 1715 671 1800 nihiloblieiunt3
702 1713 903 1811 reipublicae
926 1711 1081 1788 innoxia
1099 1711 1191 1786 cladi
1274 1720 1279 1728 ’

209 1845 236 1882 “
255 1836 345 1915 sunt.
410 1838 519 1910 Nunc
553 1835 722 1932 quoniam
754 1834 835 1926 illis,
876 1853 1049 1934 quantum
1074 1856 1194 1910 mores

208 1966 236 2002 “
255 1955 339 2047 mei,
371 1983 443 2030 non
459 1957 598 2030 illorum
615 1956 760 2056 flagitia,
784 1953 984 2055 poscebant,
1002 1951 1161 2051 respondi
1177 1981 1197 2039 ς

209 2087 237 2124 “
257 2103 368 2175 pauca
396 2078 441 2153 de
469 2077 651 2174 republica
666 2079 802 2174 loquar.
852 2077 1011 2158 Primum
1030 2072 1193 2148 omniurn
1248 2089 1251 2098 '

209 2199 301 2271 “de
329 2195 503 2270 Numidia
528 2198 663 2270 bonum
691 2197 853 2274 habetote
876 2196 1051 2286 animum,·
1072 2194 1191 2294 Qiri-

210 2327 238 2362 “
257 2339 319 2398 tes.
369 2319 466 2390 Nam
489 2342 567 2416 quae
584 2317 630 2389 ad
648 2316 716 2389 hoc
733 2335 871 2413 tempus
888 2318 1100 2414 Jugrutham
1117 2336 1192 2396 tuta

210 2445 239 2484 “
259 2437 350 2528 sunt,
381 2435 500 2510 omnia
518 2435 724 2528 removistis,
744 2435 939 2526 avaritiam,
964 2434 1192 2533 imperitiam,

210 2566 238 2602 “
256 2557 464 2657 superbiam.
526 2557 666 2632 Deinde
682 2555 854 2632 exercitus
871 2556 921 2630 ibi
937 2557 998 2648 est,
1029 2555 1191 2640 locorum

123 2669 127 2677 ’
209 2687 238 2726 “
256 2679 364 2766 sciens
376 2707 387 2766 ;
415 2677 475 2760 sed
501 2679 699 2753 mehercule
733 2677 847 2777 magis
875 2678 1048 2769 strenuus,
1082 2705 1192 2778 quam

211 2808 239 2844 “
259 2799 355 2878 felix.
405 2801 503 2880 Nam
520 2825 651 2899 magna
680 2826 757 2898 pars
786 2798 943 2891 avaritia,
973 2817 1031 2874 aut
1052 2799 1218 2892 temeri„

210 2928 239 2966 “
259 2940 329 2995 tate
346 2923 480 2994 ducum
497 2921 620 2996 adtrita
637 2921 697 2995 est.
747 2924 992 3020 Qamobrem
1010 2947 1087 3012 vos,
1112 2920 1192 3018 qui«

211 3047 238 3084 “
258 3042 324 3113 bus
340 3039 498 3114 militaris
516 3061 611 3132 atas,
634 3040 832 3116 adnitimini
850 3067 991 3118 mecum
1021 3046 1055 3116 &
1075 3039 1191 3138 capes*
1217 3039 1219 3046 ’

212 3167 239 3243 f‘
251 3163 319 3244 *fite
335 3160 615 3257 rempublicam:
646 3187 760 3260 neque
785 3187 1002 3261 quemquam
1031 3188 1076 3236 ex
1101 3162 1193 3236 cala.

212 3288 240 3363 ‘1‘
259 3279 379 3356 mirate
397 3279 560 3372 aliorum,
595 3300 654 3356 aut
670 3283 922 3380 imperatorum
940 3281 1099 3382 superbia
1115 3307 1191 3355 me-

86 3497 88 3501 ⁸
111 3395 116 3414 ⁸
212 3413 240 3450 “
259 3425 315 3478 tus
332 3401 471 3502 ceperit.
508 3405 663 3500 Egomet
680 3389 890 3502 in⁸agmine,
914 3403 950 3478 in
968 3403 1088 3504 praelio
1105 3429 1192 3478 con.

147 3583 150 3589 λ
212 3534 239 3569 “
258 3524 363 3600 sultor
379 3525 488 3615 idem,
515 3528 548 3598 δι
575 3521 686 3597 socius
705 3523 846 3621 periculi
862 3523 1192 3629 vobiscumadero}

214 3652 241 3720 ‘f
262 3671 389 3743 meque
406 3643 536 3744 vosque
552 3643 589 3718 in
607 3644 771 3718 omnibus
799 3647 903 3718 rebus
929 3643 1033 3743 juxta
1059 3669 1192 3745 geram.

213 3774 240 3822 ‘⁶
262 3768 308 3854 Et
327 3766 499 3872 profecta
515 3764 569 3842 dis
577 3764 796 3869 juvantibus,
811 3765 931 3850 omnia
947 3786 1083 3844 matura
1098 3759 1192 3858 sunt,

312 3895 323 3922 .
