2668 4698
257 407 326 501 316
424 405 563 476 Poncrr
590 399 800 476 Lnrnours
827 403 1105 476 Drcrnnrnrro

256 575 360 674 Reip.
395 577 602 674 propulsare.
661 577 803 652 Tenetis
838 580 1002 674 exempla
1038 575 1223 674 majorum,

254 715 361 794 atque
384 698 542 770 omnium
567 698 723 795 gentium
751 699 985 788 autoritatem,
1000 699 1076 794 'qui
1094 700 1226 794 semper

254 814 649 916 summas&fingulares
661 845 781 915 poenas
797 819 832 890 in
845 845 887 892 eo
900 841 1026 916 genere
1042 817 1226 889 hominum
1327 849 1328 920 l

254 937 505 1010 consumendas
521 939 587 1012 effe
604 959 825 1036 putaverunt,
853 939 913 1038 qui
932 938 1104 1012 rationem
1118 939 1225 1010 habu·
1327 933 1328 1022 l

254 1057 353 1132 illent
366 1078 424 1132 aut
442 1059 630 1156 prodenda
650 1060 780 1156 patriae,
806 1059 1119 1156 autopprimendae
1137 1061 1227 1154 pub·

164 1209 167 1224 ’
256 1179 332 1253 licae
366 1179 540 1252 libertatis.
590 1181 692 1253 Nihil
724 1180 831 1278 igitur
863 1179 925 1253 erit
958 1178 1226 1276 impedimento,

256 1301 341 1398 quin
365 1299 544 1373 audaciam
572 1299 790 1374 crudeliffimi
808 1299 958 1373 hominis
973 1299 1131 1372 Catilinae
1149 1325 1229 1373 cru·

254 1419 422 1492 delisfimo
447 1446 573 1518 genere
590 1419 839 1518 suppliciorum
868 1418 1036 1516 expietis:
1066 1425 1100 1493 bc
1123 1420 1229 1493 ultio·

255 1565 338 1612 nem
369 1565 414 1613 ex
450 1540 589 1613 illorum
626 1539 835 1614 cruciatibus
879 1565 919 1612 ac
964 1539 1077 1636 poenis
1119 1541 1230 1638 capiat
1327 1545 1328 1624 ζ

190 1748 192 1752 ¹
256 1659 414 1758 Respub.
441 1687 591 1759 quorum
610 1681 683 1734 erat
699 1665 953 1759 conflagratum
970 1659 1144 1750 manibus,
1171 1662 1259 1758 nisi¹
1327 1677 1328 1728 ὲ

256 1778 448 1854 sanctiffimi
481 1781 615 1878 imperii
642 1781 796 1856 Romani
823 1781 982 1854 custodes
1008 1803 1048 1852 ac
1074 1779 1232 1854 vindices

257 1902 319 1975 Dii
337 1902 549 1975 immortales
567 1899 702 1976 nefariis
719 1901 808 1974 votis
824 1883 1047 1975 obstitilsent.

305 2024 478 2096 XXXVI.
503 2023 657 2112 Credite,
684 2021 839 2117 judices,
868 2020 1036 2093 hodierno
1059 2021 1117 2094 die
1146 2049 1232 2095 con-

153 2129 157 2134 ¹
255 2142 434 2216 surrexille
449 2141 644 2216 universam
657 2139 783 2215 urbem
801 2139 1062 2238 conspecluram
1076 2168 1121 2215 ex
1132 2141 1230 2240 judi·

256 2269 314 2337 cio
351 2264 461 2336 vestro
495 2265 666 2360 planeque
699 2260 1029 2353 animadversuram‚
1068 2263 1161 2360 quid·
1193 2264 1232 2338 in

256 2381 434 2481 posterum
447 2384 492 2454 de
502 2381 607 2455 salute
622 2381 692 2472 sua,
707 2383 822 2480 deque
835 2381 1059 2480 facultatibus
1073 2375 1139 2456 suis'
1155 2382 1234 2481 spe-

193 2575 195 2584 ,
258 2505 409 2576 randum
427 2506 477 2576 srt.
494 2503 634 2576 Credite
650 2503 736 2576 item
752 2503 826 2575 vim
843 2501 1038 2576 universam
1055 2502 1236 2602 flagitiosae

157 2676 160 2685 ·
250 2623 459 2723 juventutis,
489 2643 549 2697 aut
573 2624 742 2697 hodierno
758 2624 916 2697 Catilinae
940 2622 1111 2721 supplicio
1133 2625 1236 2697 fimul

256 2745 511 2820 conficiendam
542 2741 629 2835 fore,
669 2765 726 2818 aut
757 2744 848 2818 illius
881 2744 1083 2817 liberatione
1097 2779 1100 2787 ¹
1116 2745 1234 2817 laetam

256 2887 362 2963 atque
389 2867 619 2956 exultantem,
662 2889 732 2937 non
760 2866 873 2938 multo
903 2863 979 2963 post
1003 2864 1039 2936 in
1068 2864 1232 2939 omniurn

255 2986 410 3058 nostrum
430 2986 618 3082 perniciem
647 3005 822 3060 unacum
851 2987 912 3082 illo
938 2985 1117 3060 celerrime
1145 3012 1233 3060 con·
1327 3045 1328 3092 q

197 3178 199 3186 ,
254 3104 491 3178 surreeturam.
543 3106 674 3204 Agitur
711 3107 879 3206 siquidem
920 3107 1088 3180 hodierna
1120 3107 1235 3180 vestra

221 3307 226 3334 Ι
253 3224 420 3299 sententia
442 3225 486 3296 de
511 3223 616 3298 salute
634 3225 735 3325 hujus
753 3226 1010 3325 pulcherrimae,
1040 3246 1147 3324 atque
1164 3252 1231 3323 op·
1327 3243 1328 3320 l

254 3347 349 3420 timae
372 3343 530 3436 civitatiS,
556 3335 604 3420 de
626 3347 808 3424 stabilitate
831 3347 966 3445 imperii
984 3346 1154 3436 Romani,
1185 3347 1231 3419 de

255 3469 375 3567 legum
399 3467 649 3557 incolumitate,
675 3471 719 3541 de
746 3468 904 3542 libertate
930 3467 1077 3558 civium5
1104 3469 1151 3541 de
1166 3492 1232 3563 pu·

237 3588 372 3662 ‘dicitia
400 3587 589 3661 liberorum
613 3615 652 3661 ac
675 3587 867 3688 conjugum
886 3589 1085 3663 vestrarum.
1145 3590 1231 3660 Hu-
1327 3633 1328 3636 =

249 3707 310 3806 jus
326 3709 422 3782 enim
437 3709 539 3807 pestis
556 3707 650 3792 idem
671 3707 779 3782 scelus
801 3731 886 3800 erat,
921 3730 1047 3784 utnon
1065 3709 1231 3808 grallato-

254 3855 332 3904 rum
345 3857 406 3928 per
419 3829 531 3928 capita
548 3857 756 3931 paucorum,
775 3830 834 3904 sed
845 3850 1013 3929 tanquam
1022 3829 1232 3939 atrociffima
