2664 4692
261 379 331 452 182
533 373 837 448 sirenum
873 372 1042 448 H1sr.

260 569 376 643 neque
399 545 434 618 se
458 543 556 619 aliter
577 563 694 620 tutum
711 563 824 641 putet,
855 569 964 644 quam
982 547 1005 618 fi
1022 540 1118 644 pejor
1134 561 1238 643 atque
1314 557 1315 572 ¹

259 665 486 742 intestabilior
499 684 596 740 metu
613 663 728 738 vestro
743 663 860 756 suerit,
878 691 950 765 quo
966 664 1113 762 captivis
1136 665 1239 740 liber·
1313 759 1315 776 ⁴

259 787 336 862 tatis
365 793 483 862 curam
514 783 649 860 miseria
681 785 829 880 eximat)
857 788 964 860 autfi
1004 785 1237 881 provideritis,
1314 791 1315 846 s

259 907 297 982 in
325 906 477 980 tutandis
506 904 668 1004 periculis
691 906 818 1004 magis,
841 927 949 1004 quam
979 905 1017 978 in
1045 903 1240 982 ulciscendo
1314 915 1315 918 ’

260 1025 460 1102 teneamini.
485 1025 654 1100 Satellites
671 1027 815 1124 quidem
832 1025 918 1125 ejus,
936 1026 1098 1102 homines
1114 1053 1238 1102 maxu-
1314 1051 1315 1062 ¹

259 1147 311 1222 mi
332 1145 498 1236 nominis,
528 1173 601 1220 non
617 1147 734 1220 minus
750 1148 902 1245 optumis
924 1146 1096 1247 majorum
1118 1173 1236 1222 exem-

260 1268 340 1367 plis,
366 1292 504 1365 nequeo
532 1265 610 1341 satis
642 1267 772 1359 mirari,
807 1268 1054 1343 dominationis
1094 1269 1130 1342 in
1163 1295 1238 1360 vos,
1314 1359 1315 1364 Ἰ

259 1388 436 1464 servitium
452 1388 551 1462 suum
567 1391 766 1464 mercedem
782 1392 890 1464 dant:
917 1393 951 1464 ὅτ
972 1410 1163 1489 utrumque
1180 1415 1240 1488 per
1314 1447 1315 1450 ,

260 1507 423 1608 injuriam
447 1511 595 1603 malunt,
621 1537 728 1610 quarn
746 1531 894 1609 optumo
904 1509 983 1608 jure
999 1511 1108 1586 libere
1123 1537 1237 1611 agere.
1314 1537 1315 1586 ἐ

259 1631 431 1704 Praeclara
447 1633 649 1723 Brutorum,
666 1651 770 1730 atque
786 1631 1016 1708 AEmiliorum
1028 1637 1062 1706 ὅτ
1075 1632 1237 1706 Lutatio·

260 1777 340 1824 rum
359 1753 487 1849 proles,
508 1753 616 1852 geniti
633 1755 678 1826 ad
695 1780 748 1843 ea,
768 1780 846 1851 quae
872 1751 1018 1851 majores
1034 1753 1161 1826 virtute
1178 1778 1238 1850 pe·

261 1897 393 1971 perere,
412 1871 655 1974 subvertunda.
704 1876 801 1948 Nam
819 1874 905 1973 quid
922 1900 942 1946 a
959 1873 1107 1969 Pyrrho,
1135 1875 1239 1948 Han·

260 1993 391 2084 nibale,
432 1994 668 2093 Philippoque
709 1999 742 2070 δι
779 1994 960 2070 Antiocho
987 1991 1164 2068 defensum
1190 1994 1240 2068 est

260 2114 371 2205 aliud,
405 2141 513 2213 quam
531 2116 686 2207 libertas,
715 2121 749 2190 ὅτ
777 2114 845 2190 suae
872 2115 998 2214 cuique
1025 2114 1145 2200 sedes;
1170 2141 1240 2188 neu
1314 2105 1315 2168 ἶ

260 2234 332 2326 cui,
360 2235 419 2308 nifi
446 2236 596 2335 legibus,
626 2240 849 2335 pareremus?
875 2263 953 2334 quae
982 2237 1106 2312 cuncta
1130 2234 1240 2310 saevus
1314 2295 1315 2336 ἶ

259 2355 322 2430 iste
341 2357 650 2460 Romulum-quad
667 2360 712 2431 ab
728 2356 876 2431 externis
893 2376 1005 2453 rapta,
1029 2376 1141 2430 tenet:
1168 2382 1239 2430 non
1314 2343 1315 2424 ?

260 2496 315 2550 tot
338 2477 558 2552 exercituum
586 2479 699 2568 clade,
730 2503 843 2576 neque
861 2475 1010 2552 consulis
1039 2477 1239 2552 &ariorum
1314 2483 1315 2554 i

261 2597 477 2697 principum,
505 2625 592 2697 quos
616 2598 755 2674 fortuna
785 2599 868 2674 belli
897 2597 1165 2696 consumpserat,
1188 2597 1239 2673 sa-

256 2719 387 2806 tiatus3
413 2717 566 2796 sedtum
584 2721 769 2810 crudelior,
789 2747 872 2796 cum
890 2718 1071 2818 plerosque
1082 2717 1240 2794 secundae

262 2867 315 2914 res
342 2841 379 2912 in
407 2840 661 2917 miserationem
684 2869 728 2916 ex
751 2842 803 2916 ira
829 2861 979 2915 vertunt.
1029 2839 1129 2938 Qrin
1150 2837 1240 2914 solus
1314 2941 1315 2944 Ἴ

149 3049 153 3058 ,
217 2957 219 2962 ’
259 2959 437 3050 omnium,
458 2963 533 3059 post
559 2963 769 3040 memoriam
786 2965 986 3055 hominum,
1004 2960 1176 3060 supplicia
1203 2961 1240 3033 in

262 3079 342 3176 post
364 3078 498 3154 futuros
517 3083 735 3182 composuit:
766 3085 843 3183 quis
860 3087 954 3183 prius
972 3082 1105 3182 injuria,
1133 3107 1242 3179 quam

261 3197 336 3280 vita
353 3218 446 3274 certa
462 3204 543 3276 esset
560 3233 568 3277 :
594 3205 872 3304 pravissumeque
889 3231 950 3303 per
966 3201 1096 3280 sceleris
1113 3201 1242 3274 imma
1314 3245 1315 3268 2

259 3320 406 3396 nitatem
427 3324 541 3397 adhuc
565 3344 657 3398 tutus
685 3323 792 3411 surit;
817 3326 904 3400 dum
932 3352 1010 3416 vos,
1039 3343 1135 3400 metu
1163 3308 1268 3420 gras

260 3443 368 3518 vioris
401 3444 542 3535 servitii,
578 3459 599 3519 a
638 3447 830 3544 repetunda
863 3446 1020 3522 libertate
1051 3443 1241 3520 terremini.

261 3566 465 3662 Agendum*
489 3585 594 3664 atque
618 3566 761 3640 obviam
788 3568 945 3642 eundum
972 3567 1034 3657 est,
1065 3565 1240 3664 Qirites3
1314 3621 1315 3624 ,

262 3711 307 3760 ne
324 3686 432 3785 spolia
450 3689 560 3762 veiha
595 3713 700 3786 penes
725 3689 827 3762 illum
851 3693 938 3762 fint:
966 3715 1038 3762 non
1065 3689 1242 3784 prolatan-

261 3799 352 3882 dum
368 3835 483 3908 neque
500 3808 589 3888 votis
608 3811 763 3909 paranda
780 3809 921 3888 auxilia.
947 3809 1022 3888 Nisi
1050 3809 1142 3888 sorte
1167 3806 1243 3906 spe·
1314 3843 1315 3916 q
