2672 4682
222 315 272 388 44
465 281 1051 404 CCnrsrrSnrrosrrt

1314 22 1321 424 ¹

223 445 452 559 “Equidem
487 485 555 558 ego
564 455 632 532 fic
666 456 823 547 aestumo,
852 457 970 530 Patres
1003 445 1216 552 conscripti,

222 581 386 656 “omnis
418 579 584 654 cruciatus
617 575 781 666 minores,
805 603 912 674 quam
940 574 1092 649 facinora
1124 575 1213 648 illo-

137 793 142 802 Ι
222 709 251 746 “
270 725 349 777 rum
362 703 439 776 esse.
489 698 556 772 Sed
574 696 732 794 plerique
749 698 912 770 mortales
929 696 1105 793 postrema
1126 721 1212 769 me·

223 829 251 866 “
270 823 413 912 minere,
442 823 476 890 ὅτ
511 817 547 889 in
565 817 767 892 hominibus
796 815 913 915 impiis
940 816 1072 890 sceleris
1100 816 1213 890 obliti

223 951 252 986 “
271 944 316 1016 de
334 966 439 1040 poena
456 937 635 1028 differunt,
654 942 677 1012 fi
696 965 736 1012 ea
754 939 872 1036 paullo
889 935 1038 1012 severior
1056 937 1134 1012 suit.
1154 939 1210 1012 D.

223 1064 426 1136 “Silanum
461 1058 575 1132 virum
605 1056 732 1132 sortem
762 1078 867 1157 atque
895 1059 1086 1148 strenuum,
1111 1077 1212 1132 certe

223 1193 252 1228 “
271 1183 352 1270 scio,
383 1167 467 1278 'quae
490 1178 633 1268 dixerit,
681 1177 796 1252 studio
830 1177 1029 1276 reipublicae
1064 1178 1208 1268 dixisse,

222 1312 250 1348 “
269 1327 382 1399 neque
408 1299 509 1372 illurn
526 1300 562 1372 in
578 1319 675 1372 tanta
692 1323 729 1372 re
747 1299 905 1398 gratiam,
926 1319 985 1371 aut
1002 1297 1207 1371 inimicitias

222 1430 251 1466 “
268 1445 440 1496 exercere.
504 1424 576 1494 Eos
616 1445 744 1510 mores,
779 1447 857 1494 eam
893 1419 1098 1494 modestiam
1138 1419 1209 1492 viri

143 1523 146 1532 ¹
221 1550 251 1588 “
269 1541 432 1640 cognovi.
483 1543 616 1614 Verum
634 1540 801 1616 sententia
817 1567 890 1614 non
920 1540 1007 1613 mihi
1038 1541 1205 1631 crudelis,

221 1670 249 1708 “
269 1662 356 1760 quid
373 1661 469 1734 enim
486 1661 522 1733 in
540 1661 615 1734 talis
631 1661 790 1740 homines
807 1662 946 1734 crudele
963 1661 1038 1734 fieri
1060 1661 1204 1758 potest?

221 1793 249 1828 “
268 1784 327 1858 sed
354 1783 465 1856 aliena
495 1809 516 1854 a
542 1783 723 1879 republica
748 1783 862 1856 nostra
886 1781 1037 1856 videtur.
1104 1784 1206 1854 Nam

221 1913 250 1950 “
268 1902 422 2003 profecto
436 1923 494 1976 aut
512 1921 639 1994 metus,
653 1923 712 1977 aut
724 1901 845 2002 injuria
860 1923 893 1977 te
911 1902 1059 2002 subegit,
1073 1902 1203 1994 Silane,

221 2021 457 2098 “Consulem
497 2023 727 2121 designatum,
769 2051 879 2122 genus
915 2051 1029 2121 poenae
1064 2049 1205 2096 novum

220 2146 462 2218 “decernere
522 2144 579 2214 De
607 2143 730 2216 timore
754 2142 1048 2240 supervacaneum
1064 2143 1114 2216 est
1131 2141 1202 2215 dis-

219 2275 248 2310 “
266 2266 386 2354 serere,
415 2289 497 2352 cum
528 2262 683 2361 prasenti
709 2263 890 2362 diligentia
923 2262 1107 2336 clarissumi
1134 2263 1204 2336 viri

220 2395 248 2430 “
268 2383 425 2460 Consulis
438 2398 532 2457 tanta
549 2383 704 2480 praesrdia
722 2388 785 2458 srnt
802 2383 838 2456 in
855 2383 970 2457 armis.
1021 2385 1078 2456 De
1096 2409 1207 2479 poena

220 2514 249 2551 “
267 2507 444 2604 possumus
462 2504 627 2600 equidem
644 2505 759 2586 dicere
787 2505 838 2595 id,
867 2505 964 2602 quod
987 2529 1040 2576 res
1066 2505 1198 2578 habet:

219 2635 248 2672 “
265 2627 302 2699 in
336 2627 434 2698 lustu
473 2645 579 2723 atque
614 2624 755 2699 miseriis
785 2645 937 2698 mortem
960 2652 1199 2700 aerumnarum

213 2755 247 2826 ,“
266 2744 438 2843 requiem,
457 2772 528 2818 non
545 2746 734 2820 cruciatum
752 2750 838 2834 esse3
863 2772 942 2820 earn
959 2750 1087 2821 cunda
1104 2771 1200 2821 mor-

219 2865 388 2938 “talium
417 2868 509 2940 mala
535 2867 717 2940 diffol'vere
730 2897 740 2954 3
767 2870 857 2940 ultra
881 2893 997 2966 neque
1021 2848 1198 2944 curaene·

218 2993 247 3030 “
266 3012 335 3083 que
353 2986 482 3084 gaudio
499 2988 618 3060 locum
631 2991 709 3060 esse.
759 2989 827 3062 Sed
852 3014 913 3086 per
939 2990 1024 3084 deos
1050 2989 1198 3064 immor-

159 3169 169 3188 ,
219 3114 248 3150 “
265 3106 354 3196 talis,
382 3109 612 3204 quamobrem
641 3107 677 3180 in
704 3106 907 3188 sententiam
931 3137 1003 3183 non
1020 3109 1197 3200 addidisti,

219 3227 315 3300 “uti
340 3225 656 3323 priusverberibus
679 3228 716 3300 in
745 3255 803 3302 eos
836 3229 1196 3304 animadverteretur?

219 3357 248 3392 “
268 3375 326 3438 an,
353 3345 437 3445 quia
463 3346 521 3418 lex
547 3347 669 3420 Porcia
690 3352 813 3422 vetat?
842 3371 876 3422 at
898 3350 973 3422 alia
991 3351 1090 3448 leges¹
1112 3349 1199 3424 item

221 3467 509 3569 “condemnatis
529 3467 665 3541 civibus
688 3469 842 3543 animam
865 3497 937 3543 non
955 3470 1054 3567 eripi,
1080 3469 1138 3542 sed
1162 3471 1201 3545 in

108 3581 112 3588 ’
222 3596 252 3632 “
270 3589 429 3663 exsilium
446 3587 595 3685 permitti
607 3585 746 3686 jubent.
797 3596 871 3684 An,
891 3592 973 3689 quia
991 3589 1131 3688 gravius
1148 3593 1199 3666 est

202 3716 249 3754 ·“
267 3708 450 3819 verberari,
479 3733 586 3806 quam
608 3683 750 3784 necari?
777 3711 863 3810 quid
881 3731 997 3785 autem
1015 3714 1197 3812 acerbum,
