2672 4682
217 288 259 360 16
454 275 1043 358 C.C.nisn1Snniusn11

213 455 371 558 potentia
400 459 468 534 Cn.
491 456 651 555 Pompeii
677 455 903 531 formidolosa
931 479 1016 532 erat.
1068 457 1135 532 Sed
1166 455 1202 532 is

212 581 304 672 Piso,
332 582 369 654 in
382 579 603 679 'provinciam
630 580 675 651 ab
701 577 877 676 equitibds
890 575 1071 677 Hispanis,
1103 598 1196 676 quos

210 702 248 778 in
277 703 433 778 exercitu
472 681 650 788 dudabat,
690 698 753 772 iter
793 697 936 788 faciens,
967 697 1100 773 occisus
1128 699 1193 772 est.

212 824 314 914 Sunt,
333 823 395 924 qui
411 823 458 896 ita
473 819 608 910 dicunt,
625 818 772 917 imperia
788 816 860 916 ejus
877 817 1012 917 injusta,
1030 821 1194 918 superba,

211 943 364 1018 crudelia
401 943 564 1016 barbaros
603 940 794 1039 nequiviffe
834 938 925 1037 pati:
968 939 1024 1014 alii
1057 962 1193 1034 autem,

212 1066 345 1164 equites
361 1062 453 1152 illos,
467 1063 536 1134 Cn·
548 1060 709 1159 Pompeii
722 1081 855 1135 veteres
867 1062 1024 1159 fidosque
1036 1062 1194 1156 clientes,

214 1187 395 1259 voluntate
444 1179 515 1281 ejus
557 1179 719 1255 Pisonem
762 1183 962 1282 adgressos:
997 1208 1199 1282 numquam

211 1303 390 1402 Hispanos
423 1324 586 1401 praeterea
619 1305 687 1376 tale
716 1300 849 1376 facinus
873 1301 1002 1392 fecisse,
1043 1301 1102 1404 sed
1126 1304 1200 1378 im-

213 1424 310 1524 peria
325 1423 413 1498 saeva
430 1426 541 1498 multa
558 1444 659 1496 antea
676 1427 861 1522 perpeffos.
911 1425 989 1496 Nos
1015 1447 1094 1496 eam
1120 1449 1197 1499 rem

213 1545 250 1618 in
271 1544 391 1618 medio
423 1544 670 1644 relinquemus.
720 1546 777 1618 De
801 1543 989 1642 superiore
1010 1543 1199 1642 conjurati-

213 1691 281 1738 one
304 1662 381 1738 satis
406 1664 572 1740 diuum..
617 1751 621 1760 ‚
822 1665 826 1671 ’

273 1789 358 1862 ΧΧ.
392 1787 603 1860 Cominii
640 1787 702 1862 ubi
737 1813 810 1879 eos,
841 1815 930 1886 quos
966 1789 1086 1886 paullo
1113 1809 1199 1862 ante
1239 1829 1245 1839 ,

95 1989 96 1996 χ
212 1908 418 1999 memoravi,
447 1907 647 1982 convenisse
670 1909 790 1984 videt:
816 1913 950 1983 tametsi
976 1935 1057 1983 cum
1078 1911 1196 2016 singu·

214 2031 256 2105 lis
271 2032 381 2104 multa
396 2027 485 2127 saepe
497 2050 617 2128 egerat
632 2059 642 2116 ;
666 2031 837 2104 tamenin
853 2039 928 2104 'rem
953 2027 1027 2104 fore
1052 2031 1198 2104 credens

213 2149 390 2224 universos
407 2151 582 2248 adpellare
600 2154 634 2221 δι
652 2150 840 2242 cohortari,
869 2151 906 2224 in
934 2150 1091 2224 abditam
1116 2177 1197 2249 par·

213 2290 286 2344 tem
309 2269 440 2344 aedium
462 2264 613 2344 secedit:
648 2293 753 2374 atque
774 2271 838 2362 ibi,
867 2270 1035 2344 omnibus
1059 2271 1198 2346 arbitris

215 2393 339 2489 procul
355 2391 496 2484 amotis,
522 2391 716 2466 orationem
733 2390 972 2490 hujuscemodi
989 2391 1123 2464 habuit.

265 2519 293 2554 “
309 2511 360 2585 Ni
376 2513 484 2586 virtus
501 2511 655 2611 fidesque
672 2499 786 2586 nestra
801 2511 950 2610 [pedam
967 2512 1054 2585 mihi
1067 2511 1198 2606 forent,

215 2633 504 2730 “nequidquam
538 2654 737 2732 opportuna
781 2659 833 2706 res
873 2633 1070 2721 cecidiffet;
1111 2631 1199 2733 ¹spes

217 2761 246 2798 “
263 2765 406 2854 magna,
436 2755 632 2828 dominatio
659 2755 696 2827 in
713 2753 877 2830 manibus'
890 2754 1014 2828 frustra
1034 2756 1196 2830 fuiffent:

182 2933 186 2944 .
218 2882 378 2972 “neque
407 2901 475 2974 ego
504 2902 567 2973 per
594 2875 787 2975 ignaviam,
825 2897 884 2951 aut
924 2904 1014 2951 vana
1041 2877 1197 2976 ingenia,

218 3003 248 3038 “
265 2995 394 3069 incerta
427 3023 490 3100 pro
516 2997 617 3070 certis
645 3018 832 3094 captarem.
882 2999 951 3072 Sed
974 2999 1056 3098 quia
1078 2997 1199 3074 multis

204 3125 246 3162 ·“
264 3121 298 3190 δι
322 3117 460 3216 magnis
483 3118 741 3216 tempestatibus
762 3145 824 3192 vos
849 3119 1004 3216 cognovi
1027 3117 1131 3192 fortes
1156 3122 1199 3192 fi-

217 3246 246 3281 “
264 3238 398 3336 dosque
408 3238 521 3311 mihi:
552 3265 595 3312 eo
615 3239 752 3312 animus
766 3239 878 3330 ausus,
909 3265 1119 3314 maxumum
1145 3259 1200 3312 at-

220 3367 248 3403 “
266 3385 338 3457 que
376 3361 664 3456 pulchermmum
704 3359 837 3434 facinus
856 3419 858 3428 ,
876 3361 1052 3459 incipere:
1099 3361 1200 3432 simul

221 3487 249 3524 “
268 3479 350 3577 quia
371 3478 487 3570 vobis,
515 3481 639 3554 eadem
663 3481 765 3573 mihi,
791 3484 886 3556 bona
904 3483 1071 3576 malaque
1094 3478 1209 3552 intel*

132 3694 135 3701 Ι
219 3607 248 3642 “
266 3600 348 3672 lexi.
399 3602 497 3674 Nam
511 3599 607 3674 idem
630 3604 721 3676 velle
742 3600 846 3700 atque
863 3603 971 3692 nolle,
996 3627 1037 3674 ea
1053 3601 1201 3674 demum

222 3728 249 3764 “
270 3722 369 3795 firma
385 3718 536 3798 amicitia
551 3723 609 3797 est.
643 3725 710 3798 Sed
733 3750 802 3823 ego
827 3751 905 3824 quae
923 3741 1041 3798 mente
1053 3721 1199 3822 agion,
