2668 4698
178 377 181 384 '
265 397 338 474 3¹4
409 373 552 448 Poncrr
579 371 1097 448 LnrnoursDacuannrro

261 546 502 645 temptibilius.
562 547 653 645 Qae
676 573 759 622 curn
782 547 830 620 ita
849 551 926 638 sint,
952 545 1147 644 Cepionem
1175 545 1235 620 ad·

261 666 469 746 mirabimur
488 668 525 740 in
546 668 648 741 tantis
665 668 800 742 viarum
815 667 1023 766 ambagibus
1044 665 1233 740 erraviffe?

259 787 328 862 Me
344 813 415 878 me,
442 813 549 885 quem
570 785 691 880 fateor,
718 790 873 884 Judices,
905 786 1125 862 vetustiffima
1150 812 1235 884 qua·
1316 793 1317 884 l

259 908 345 982 dam
371 907 600 982 familiaritate
626 909 787 982 Catilinae
809 907 1047 1006 conjnnelum,
1086 909 1237 1006 persaepe

226 1057 229 1064 ’
259 1027 450 1102 deliraviffe
478 1029 573 1103 miris
598 1029 881 1129 perplexionibus
902 1028 1006 1118 illius,
1033 1055 1149 1127 neque
1173 1055 1236 1102 un-

259 1173 369 1246 quam
387 1149 472 1222 certi
490 1149 681 1247 quicquam
707 1151 743 1223 in
768 1150 830 1223 illo
847 1149 990 1248 ingenio
1006 1152 1236 1246 comprehen·

260 1269 345 1343 dere
361 1270 519 1366 potuiffe.
569 1271 670 1344 Nihil
688 1270 796 1366 igitur
813 1271 874 1343 erit
891 1269 983 1359 miri,
1008 1273 1032 1342 fi
1049 1273 1165 1343 virum
1181 1270 1234 1342 in·
1316 1259 1317 1288 ³

257 1389 484 1488 tegerrimum
512 1391 708 1488 Cepionem
735 1390 948 1464 versutissimi
974 1388 1126 1464 hominis
1149 1390 1236 1480 doli,
1316 1381 1317 1422 ³

257 1528 364 1607 atque
386 1509 682 1586 inconstantillrmi
699 1537 813 1586 mores
828 1509 1035 1586 fefellerunt.
1316 1597 1317 1600 Ἴ

305 1631 481 1704 XXXIV.
505 1633 591 1707 Non
606 1633 668 1706 erit
682 1631 800 1732 itaque
812 1658 925 1730 neque
942 1631 1138 1729 prudentia
1152 1652 1235 1723 tuae,

255 1775 371 1850 utque
402 1751 593 1850 gravitatis,
619 1756 798 1844 Hortensi,
826 1753 1101 1827 candidiffimam
1130 1779 1235 1851 opem
1316 1763 1317 1822 3

224 1897 226 1908 ·
256 1873 480 1948 humanitatis
516 1894 599 1965 tua,
637 1874 879 1972 summamque
915 1872 1056 1946 dicendi
1093 1873 1234 1970 copiam
1316 1851 1317 1868 ἵ

255 1993 410 2068 sontibus
437 1994 515 2094 ipsis
545 1995 720 2092 polliceri:
748 2015 807 2068 aut
839 2019 946 2092 quarn
963 1992 1110 2067 bestiam
1126 1992 1235 2068 irreti-

255 2133 330 2190 tam
339 2113 477 2213 judicio
492 2135 664 2206 tenemus,
683 2116 881 2196 diffolutam
896 2135 1001 2212 atque
1017 2114 1233 2188 exultantem

256 2235 361 2332 Reip.
387 2236 586 2323 immittere.
635 2238 745 2334 Qod
767 2253 803 2309 te
819 2261 1002 2333 nunquam
1030 2235 1233 2311 commiffu-

253 2381 334 2429 rum
361 2355 460 2429 fuiffe
484 2356 677 2448 arbitrarer,
704 2356 765 2430 nist
789 2355 849 2454 qui
873 2382 931 2430 me
963 2379 1090 2444 mores,
1122 2355 1232 2429 iidem
1316 2349 1317 2400 ἶ

254 2494 291 2548 te
306 2475 466 2558 Catilinae
484 2480 553 2550 fine
568 2477 679 2551 dubio
691 2475 898 2550 fefellerunt.
948 2475 1034 2549 Satis
1049 2474 1233 2549 ostentatas
1316 2525 1317 2576 p

254 2595 358 2672 vobis
393 2617 569 2695 putamus,
607 2598 764 2694 Judices3
800 2617 876 2671 tum
905 2597 1052 2670 rationes
1085 2595 1232 2693 periculi
1316 2633 1317 2648 κ

252 2717 373 2808 nostri,
399 2738 476 2792 rum
490 2717 589 2816 hujus
606 2717 838 2792 immanissimi
855 2716 984 2791 sceleris
1000 2715 1229 2790 atrocitatem.
1316 2781 1317 2816 ἶ

253 2840 350 2913 Nam
366 2842 388 2912 fi
405 2840 487 2914 odio
501 2841 644 2914 Senatus
667 2865 774 2939 quarn
792 2837 950 2913 maximo
972 2836 1163 2912 Catilinam
1179 2863 1233 2911 ar·
1316 2869 1317 2884 1

255 2959 328 3030 fiffe
338 2939 673 3034 demonstravimus:
701 2964 724 3034 fi
742 2959 889 3033 rationes
902 2958 983 3032 vitae
1001 2955 1069 3031 suae
1082 2977 1229 3049 veteres,
1316 2959 1317 2964 ’

253 3103 294 3150 ac
312 3103 421 3150 novas
437 3079 473 3151 in
500 3080 748 3154 exercitatione
770 3079 1023 3154 teterrimarum
1044 3077 1231 3152 libidinum

252 3198 455 3272 collocatas:
482 3198 614 3296 fispem
633 3199 834 3297 perficiendi
847 3197 980 3273 sceleris
997 3197 1135 3272 homini
1153 3223 1232 3295 pro·
1316 3201 1317 3206 ’

252 3317 508 3419 sequenriffimo
530 3319 815 3394 inimicitiarum:
844 3325 866 3394 sr
888 3319 1040 3418 denique
1070 3320 1231 3393 locorum
1316 3387 1317 3390 ,

252 3467 294 3514 ac
314 3439 479 3539 temporis
505 3441 780 3538 opportunitates
809 3440 980 3515 extitiffe:
1019 3459 1186 3538 praeterea
1209 3443 1231 3512 fi
1316 3509 1317 3534 ξ

252 3561 385 3634 rabiem
414 3562 589 3660 quandam
619 3561 819 3634 ambitionis
847 3562 883 3634 in
915 3561 976 3634 illo
1009 3558 1111 3634 frailse
1139 3557 1231 3632 dixi-

201 3782 206 3787 *
250 3707 351 3754 mus:
379 3685 402 3754 fi
432 3682 565 3756 nullam
594 3681 798 3779 potestatem
827 3680 1083 3756 referendamm
1113 3679 1230 3753 libidi-

250 3826 350 3892 num,
376 3822 437 3876 aut
455 3804 567 3882 ullum
585 3799 797 3902 poenitentiae
816 3803 962 3878 locum:
990 3802 1180 3902 postremO,
1206 3805 1229 3874 fi
