2662 4686
261 349 330 442 138
483 344 527 418 C.
558 344 745 418 Cnrsrt
782 342 1083 425 Sarrusrrr

254 543 331 591 rem
354 516 520 615 imposrtis
538 516 686 592 turribus
704 541 793 614 opus
825 516 859 590 δι
888 513 1105 590 administros
1121 517 1240 594 tutari.

254 639 389 712 Contra
404 639 480 712 haec
498 636 666 735 oppidani
683 635 851 728 festinare,
871 661 1015 735 parare:
1040 635 1177 734 prorsus
1189 641 1240 714 ab

68 827 71 840 ,
171 865 179 872 Ι
254 759 405 858 utrisque
428 758 515 832 nihil
541 757 713 858 reliquum
742 755 829 832 fieri.
878 757 1044 856 Denique
1061 759 1236 850 Romani,

255 881 371 956 multo
396 899 474 954 ante
500 881 619 954 labore
645 875 837 978 praeliisque
868 876 1018 978 fatigati,
1048 878 1126 978 post
1153 879 1231 956 dier

164 995 167 1003 ’
255 1000 501 1101 quadraginta,
521 1027 629 1100 quam
646 1026 689 1074 eo
706 1019 853 1100 ventqm
871 1018 956 1092 erat,
974 1001 1108 1100 oppido
1125 1003 1239 1078 modo

97 1123 100 1132 “
254 1121 373 1220 potiti:
405 1122 524 1220 praeda
540 1121 655 1196 omnis
672 1123 716 1196 ab
734 1119 887 1222 perfugis
904 1140 1073 1220 corrupta.
1098 1121 1128 1196 Ii
1141 1122 1237 1220 post-

255 1269 363 1341 quam
386 1269 528 1320 mutum
545 1241 707 1316 arietibus
721 1240 827 1332 feriri,
851 1240 972 1339 resque
989 1241 1064 1318 suas
1080 1241 1239 1317 adflioas

254 1364 389 1452 vident,
405 1388 531 1442 aurum
548 1383 654 1460 atque
670 1382 866 1459 argentum,
886 1365 920 1434 δι
937 1361 1016 1452 alia,
1029 1363 1108 1460 qua·
1126 1362 1239 1461 prima

252 1485 442 1574 ducuntur,
466 1484 615 1558 domum
642 1483 775 1582 regiam
795 1501 1040 1582 comportant:
1070 1481 1122 1557 ibi
1149 1482 1238 1558 vino

257 1610 292 1680 ἃ
310 1605 422 1704 epulis
433 1605 588 1696 onerati,
600 1603 745 1704 illaque,
763 1605 974 1696 &domum
989 1602 1143 1678 &semet
1158 1603 1238 1702 igni

256 1746 504 1824 corrumpunt3
530 1730 563 1798 &
582 1751 668 1823 quas
686 1725 769 1800 vieti
788 1727 833 1800 ab
850 1725 1007 1800 hostibus
1025 1750 1147 1823 poenas
1160 1751 1239 1800 me-

256 1867 406 1937 tuerent,
432 1873 488 1920 eas
506 1847 567 1944 ips1
585 1847 741 1922 volentes
758 1848 967 1945 pependere.

303 1969 494 2044 LXXVII.
520 1970 595 2041 San
613 1967 740 2066 pariter
766 1993 851 2046 cum
878 1987 980 2068 capta
995 1968 1108 2048 Thala
1124 1967 1239 2064 legati

256 2113 302 2160 ex
319 2087 454 2184 oppido
470 2089 578 2184 Lepti
598 2090 644 2162 ad
657 2092 848 2166 Metellum
865 2111 1047 2182 venerant,
1083 2109 1238 2179 orantes,

258 2207 355 2282 “uti
384 2205 582 2306 praesrdium
599 2207 870 2307 praefettumque
892 2236 935 2284 eo
957 2210 1109 2286 mitteret
1116 2237 1128 2299 ;
1155 2211 1237 2290 Ha·

257 2337 285 2372 “
305 2328 484 2404 milcarenr
512 2330 718 2426 quemdam,
748 2329 929 2411 hominem
962 2331 1134 2425 nobilem,
1163 2329 1236 2406 fac-

258 2457 285 2493 '‘
305 2447 446 2540 tiosum,
476 2449 577 2523 novis
600 2451 702 2524 rebus
726 2450 885 2538 studere3
910 2449 1096 2528 advorsum
1125 2477 1236 2552 quem
1321 2449 1322 2536 Ξ

252 2579 285 2614 “
305 2595 418 2668 neque
434 2569 579 2667 imperia
595 2570 873 2670 magistratuum,
898 2597 1012 2670 neque
1028 2573 1124 2672 leges
1141 2575 1236 2649 vale·

257 2701 285 2740 “
304 2705 399 2766 rent:
427 2691 463 2774 ni
478 2691 515 2765 id
533 2672 717 2783 festinaret,
745 2692 781 2766 in
809 2692 948 2766 summo
965 2693 1121 2790 periculo
1139 2693 1235 2772 suam

258 2823 286 2858 “
305 2813 464 2904 salutem,
481 2813 621 2888 illorum
637 2812 747 2888 socios
764 2813 875 2890 fore.’'
924 2815 1021 2890 Nam
1054 2815 1236 2913 Leptitani

251 2933 326 3032 jam
345 2935 426 3009 inde
455 2961 476 3014 a
499 2934 673 3034 principio
689 2936 771 3010 belli
793 2936 998 3036 Jugurthini
1018 2937 1069 3010 ¹ad
1086 2935 1235 3012 Bestiam
1320 2977 1321 3014 ;

256 3052 447 3147 consulem,
472 3059 506 3127 δε
532 3055 648 3152 postea
665 3059 822 3137 Romam
839 3056 1011 3149 miserant,
1027 3056 1235 3132 amicitiam

255 3174 525 3272 societatemque
549 3197 723 3273 rogatum.
774 3177 927 3269 Deinde,
956 3179 1018 3252 ubi
1053 3205 1093 3254 ea
1119 3179 1235 3277 impe-

222 3315 225 3326 ·
251 3311 356 3385 trata,
386 3293 519 3392 semper
545 3296 629 3372 boni
646 3297 831 3396 fidelesque
858 3299 1024 3391 mansere,
1048 3305 1082 3374 δι
1107 3295 1235 3380 cuneta
1319 3311 1320 3367 Ξ

255 3447 277 3496 a
298 3415 421 3506 Bestia,
452 3415 584 3493 Albino
608 3419 831 3515 Metelloque
856 3419 1029 3517 imperata
1043 3420 1123 3496 navi
1140 3418 1234 3496 fecer

255 3559 346 3615 rant.
395 3538 517 3634 Itaque
534 3539 578 3610 ab
594 3536 801 3634 imperatore
816 3538 931 3631 facile,
956 3566 1036 3639 quae
1053 3544 1232 3642 petebant,

254 3647 398 3756 adeptis
433 3659 572 3732 Emilsae
602 3683 644 3731 eo
674 3661 835 3742 cohortes
862 3661 1041 3762 Ligurum
1065 3682 1229 3764 quatuor,
1318 3635 1319 3715 Ξ

256 3785 289 3868 ἐς
317 3781 360 3855 C.
390 3779 527 3854 Annius
552 3776 744 3888 praefedus.
