2672 4682
160 329 179 402 8
353 327 395 400 C.
423 326 617 424 Cla1str
652 325 960 422 Satiusnrr

194 503 260 576 IX.
273 503 414 580 Iota-un
426 501 527 576 dorni
538 501 744 598 militiaque
754 501 841 575 boni
854 481 968 575 morea
977 503 1142 578 coleban-

158 644 225 699 tur.
247 623 444 700 Concordia
454 649 635 714 maxuma,
655 623 813 696 minuma
828 621 1068 698 avaritia'erat:
1082 622 1143 722 jus

159 749 367 844 bonumque
394 747 488 842 apud
518 770 577 818 eos
603 770 673 818 non
704 743 842 842 legibus
867 743 995 842 magis,
1034 771 1142 842 quam

159 888 282 942 natura
295 869 444 942 valebat.
495 866 630 968 Jurgia,
645 863 842 955 discordias,
858 867 1044 940 srmultates
1057 893 1140 940 cum

157 988 314 1063 hostibus
330 989 559 1062 exercebant:
587 987 680 1062 cives
697 1013 779 1060 cum
797 987 933 1061 civibus
949 987 995 1060 de
1012 986 1140 1060 virtute

159 1113 346 1185 certabant.
397 1113 438 1182 ln
454 1107 628 1206 suppliciis
645 1111 806 1182 Deorum
829 1108 1022 1208 magnifici,
1041 1108 1140 1182 domi

158 1231 267 1331 parci,
298 1230 334 1304 in
353 1229 471 1302 amicis
500 1232 619 1304 fideles
642 1249 748 1303 erant.
808 1231 956 1303 Duabus
984 1228 1038 1302 his
1061 1229 1140 1303 arti·

157 1355 238 1442 bus,
260 1351 405 1426 audacia
429 1351 465 1424 in
481 1351 589 1440 bello,
614 1353 676 1425 ubi
702 1377 770 1448 pax
794 1369 957 1424 evenerat
978 1349 1142 1450 aequitate

157 1471 262 1571 seque
284 1497 430 1570 remque
460 1471 638 1570 publicam
666 1474 844 1546 curabant.
894 1475 1056 1570 Qtarunr
1085 1497 1138 1544 re-

157 1620 238 1668 rum
260 1619 329 1692 ego
361 1620 529 1668 maxuma
550 1596 762 1668 documenta
786 1597 861 1668 haec
888 1595 1016 1683 habau,
1040 1595 1138 1691 quod

158 1713 279 1811 sapius
297 1714 515 1788 vindicatum
533 1713 634 1787 estin
651 1739 723 1804 eos,
739 1714 800 1814 qui
816 1735 938 1788 contra
955 1713 1140 1812 imperium
1182 1717 1188 1731 ‘

157 1835 195 1909 in
217 1836 352 1910 hostem
371 1854 625 1934 pugnaverant,
649 1835 782 1935 quique
803 1835 946 1925 tardius,
975 1834 1141 1926 revocati,

158 1958 254 2031 bello
272 1959 496 2048 excesserant,
521 1984 630 2055 quam
648 1958 710 2057 qui
734 1961 829 2058 signa
845 1958 1053 2056 relinquere,
1082 1974 1143 2028 aut

40 2081 42 2086 ’
159 2079 260 2175 pulsi,
287 2079 366 2150 loco
383 2078 507 2149 cedere
529 2081 597 2150 aust
615 2098 721 2151 erant.
772 2081 814 2152 In
840 2105 926 2175 pace
943 2102 1027 2151 vero
1045 2076 1143 2176 quod

158 2195 349 2285 beneficiis,
376 2222 484 2295 quarn
518 2215 615 2268 metu
647 2195 833 2294 imperium
860 2197 1052 2296 agitabant,
1091 2203 1141 2286 δε,

158 2337 303 2416 accepta
328 2315 462 2414 injuria,
490 2315 682 2417 ignoscere,
714 2343 821 2418 quarn
853 2315 1008 2417 persequi
1036 2317 1142 2394 male·

157 2442 254 2513 bant.

207 2563 254 2635 X.
272 2565 348 2635 Seu
361 2562 422 2635 ubi
435 2563 552 2634 labore
563 2565 671 2660 atque
671 2558 805 2660 justitia
814 2559 1005 2658 respublica
1016 2559 1138 2654 crevit,

157 2708 258 2782 reges
286 2683 407 2782 magni
423 2685 518 2757 bello
534 2682 679 2772 domiti,
697 2681 853 2756 nationes
869 2680 948 2754 serae
967 2687 1000 2757 δι
1019 2684 1143 2783 populi

157 2803 317 2903 ingentes
357 2804 394 2878 vi
437 2802 581 2896 subusti,
620 2805 810 2902 Carthag0,
847 2805 974 2881 aemula
1006 2804 1143 2902 imperii

61 3011 63 3021 Ι
158 2926 315 3001 Romani
341 2929 386 3000 ab
411 2917 515 3024 stirpe
541 2905 682 3017 interiit,
706 2927 830 2999 cuneta
847 2925 953 2999 maria
974 2945 1144 3022 terraeque

157 3049 348 3144 patebant:
378 3045 495 3119 saevire
512 3049 669 3122 Fortuna
691 3073 732 3121 ac
755 3044 897 3120 miscere
923 3045 1043 3120 omnia
1068 3071 1141 3118 coe-

158 3165 221 3265 pit.
271 3167 345 3264 Qi
369 3169 515 3257 labores,
540 3165 703 3264 pericula,
730 3167 856 3240 dubias
882 3187 986 3265 atque
1009 3165 1143 3266 asperas

158 3313 212 3361 res
239 3287 340 3361 facile
362 3289 605 3377 toleraverant,
631 3286 672 3361 iis
698 3287 824 3378 otium,
842 3287 987 3378 divitia,
1018 3308 1142 3384 optan-

157 3409 212 3483 dae
241 3409 327 3500 aliis,
357 3409 454 3482 oneri
476 3407 688 3506 miseriaque
719 3405 826 3482 fuere.
886 3407 999 3506 Igitur
1027 3406 1142 3509 primo

159 3531 330 3630 pecuniae,
355 3529 484 3606 deinde
507 3529 642 3626 imperii
665 3527 796 3627 cupido
821 3528 953 3602 crevit:
982 3552 1023 3602 ea
1048 3529 1144 3628 quasa
1229 3613 1233 3619 ¹

159 3650 317 3724 materies
334 3649 495 3723 omnium
524 3651 698 3724 malorum
715 3637 828 3723 suere.
872 3650 1039 3748 Namque
1060 3631 1143 3722 ava·

159 3770 236 3857 titia
267 3772 390 3864 fidem,
421 3770 645 3872 probitatem,
681 3760 877 3879 ceterasque
910 3765 990 3848 artis
1029 3771 1140 3848 bonas
