2664 4692
253 345 321 416 208
491 337 782 412 Snanusrrr
816 335 970 410 Hrsr.

250 515 302 590 nis
332 518 452 590 locum
471 539 646 590 memores
670 511 845 588 libertatis.
886 509 982 586 Dein
1008 509 1072 605 (ne
1093 531 1157 584 vos
1183 511 1229 584 ad

251 633 364 708 virilia
380 635 439 710 illa
455 659 595 722 vocem,
610 659 682 732 quo
699 632 856 706 tribunos
869 631 976 730 plebi,
994 630 1103 704 modo
1124 629 1229 727 patri·

226 766 229 774 “
250 755 347 830 cium
365 753 619 854 magistratum,
649 754 756 828 libera
779 756 825 828 ab
851 751 1049 828 auctoribus
1078 749 1228 848 patriciis
1316 771 1317 814 t

253 875 415 976 suffragia
432 873 579 972 majores
604 873 708 949 vestri
726 875 907 974 paravere)
936 897 1019 946 cum
1035 870 1088 951 vis
1102 871 1230 962 omnis,

253 995 421 1093 Qirites,
440 995 475 1070 in
492 995 593 1070 vobis
611 999 664 1086 stt,
689 995 754 1086 uti,
774 1021 852 1093 quae
859 991 949 1092 julla
964 1002 1059 1066 nunc
1077 1017 1141 1089 pro
1158 991 1234 1066 aliis

158 1099 163 1118 ’
253 1115 421 1207 toleratis,
441 1142 506 1214 pro
523 1115 622 1190 vobis
640 1141 755 1214 agere,
773 1134 916 1188 autnon
929 1136 1032 1212 agere
1049 1133 1139 1186 certe
1157 1109 1232 1210 pos·

254 1237 333 1312 fitis.
369 1239 498 1332 Jovem
525 1257 584 1310 aut
612 1237 722 1312 alium
740 1261 846 1334 quern
870 1235 977 1306 deum
1002 1232 1232 1308 consultorem

253 1355 480 1452 exspetlatis:
508 1383 639 1455 magna
659 1356 717 1429 illa
741 1352 922 1430 consulum
946 1353 1143 1449 imperia&
1172 1379 1231 1451 pa·
1318 1387 1319 1424 t

252 1497 347 1550 trum
364 1477 517 1567 decreta,
547 1503 610 1549 vos
636 1474 857 1574 exsequendo
874 1495 947 1548 rata
970 1472 1117 1564 efficitis,
1145 1473 1232 1572 Qui·

253 1597 334 1670 rites
351 1624 359 1668 :
391 1599 555 1695 ultroque
568 1596 743 1672 licentiam
761 1596 797 1668 in
813 1621 876 1670 vos
892 1597 1034 1670 auitum
1049 1613 1155 1690 atque
1173 1593 1232 1666 ad-

250 1715 369 1818 jutum
387 1717 590 1816 properatis.
640 1721 770 1816 Neque
787 1743 854 1816 ego
879 1743 944 1790 vos
958 1719 1075 1792 ultum
1098 1712 1235 1810 injurias

256 1839 372 1913 hortor
386 1867 396 1925 ;
417 1837 529 1936 magis
545 1837 597 1911 uti
613 1837 767 1936 requiem
784 1835 930 1934 cupiatis
947 1865 955 1910 :
976 1861 1090 1934 neque
1107 1834 1235 1912 discor·

257 1955 346 2048 dias,
377 1977 417 2032 ut
435 1957 485 2030 illi
502 1957 742 2048 criminantur,
760 1956 818 2032 sed
835 1983 953 2040 earum
972 1959 1080 2030 linem
1098 1957 1233 2046 volens,

249 2075 330 2179 jure
356 2077 528 2176 gentium,
553 2104 607 2156 res
624 2098 770 2176 repeto:
803 2083 851 2168 δι,
880 2081 901 2150 fi
921 2075 1139 2175 pertinaciter
1156 2075 1234 2149 reti·
1320 2083 1321 2114 ⁴

257 2201 405 2288 nebunt,
438 2224 511 2272 non
539 2223 648 2288 arma,
681 2224 795 2296 neque
818 2195 1049 2288 seceffionem,
1081 2216 1235 2272 tantum-

257 2319 366 2392 modo
391 2343 436 2394 ne
450 2317 602 2416 'amplius
629 2317 834 2416 sanguinem
862 2318 1015 2392 vestrum
1041 2319 1234 2416 praebeant,

262 2436 395 2510 censeo.
448 2440 592 2529 Geram,
620 2439 839 2537 habeantque
856 2437 916 2512 suo
940 2439 1049 2512 modo
1065 2438 1235 2535 imperia;
1321 2443 1322 2474 ²

260 2579 418 2656 quaerant
442 2558 662 2656 triumphos:
699 2558 956 2648 Mithridatem,
985 2557 1176 2632 Sertorium
1202 2565 1236 2634 ὅτ

257 2678 418 2778 reliquias
447 2677 604 2754 exsulum
636 2678 881 2777 persequantur
910 2705 992 2756 cum
1025 2678 1236 2777 imaginibus

259 2799 349 2889 suis3
375 2803 475 2878 Abfit
493 2800 688 2898 periculum
716 2805 749 2874 δι
769 2802 879 2890 labos,
898 2799 1026 2898 quibus
1047 2801 1144 2873 nulla
1161 2825 1237 2898 pars

259 2921 391 2996 fruetus
408 2921 467 2998 est.
517 2919 592 2996 Nifi
620 2920 708 2994 forte
737 2920 917 3018 repentina
934 2920 994 2996 ista
1017 2917 1239 2996 frumentaria

260 3042 338 3138 lege
362 3040 481 3112 munia
505 3041 615 3114 vestra
642 3039 847 3137 pensantur:
876 3044 959 3140 Qa
975 3061 1092 3120 tamen
1122 3041 1239 3138 quinis

260 3159 386 3232 modiis
403 3156 598 3233 libertatem
619 3144 780 3234 omnium
806 3161 1044 3251 astumavere‚
1075 3162 1137 3259 qui
1159 3188 1239 3259 pro-

177 3295 179 3299 ’
262 3279 353 3356 fetro
371 3305 444 3352 non
461 3279 609 3377 amplius
623 3283 761 3377 poliunt
771 3280 941 3356 alimentis
959 3282 1112 3358 carceris.
1125 3285 1239 3356 Nam-

262 3426 330 3500 que
351 3421 390 3473 ut
409 3399 475 3472 illis
491 3400 683 3500 exiguitate
701 3427 794 3480 mors
812 3403 1013 3499 prohibetur
1024 3432 1035 3489 ;
1062 3401 1238 3479 senescunt

259 3522 348 3596 vires
365 3550 373 3594 :
406 3524 450 3595 src
466 3548 581 3620 neque
601 3521 748 3596 absolvit
765 3547 847 3596 eura
863 3521 1022 3597 familiari
1039 3545 1112 3596 tam
1131 3548 1238 3621 parva

261 3669 336 3716 res:
362 3647 395 3717 δι
414 3642 561 3742 ignavus
579 3641 724 3741 quisque
740 3642 931 3717 tenuiffima
947 3641 1005 3742 spe
1020 3633 1247 3727 frustrantur„

261 3766 351 3871 Qua
369 3784 486 3848 tamen
505 3763 667 3870 quamvis
684 3766 814 3868 ampla,
835 3765 999 3870 quoniam
1017 3763 1142 3848 servitii
1160 3789 1238 3871 pre·
