2672 4682
293 367 298 374 ·
419 315 740 404 ¹Carrrrun.
1063 359 1109 434 35
1218 433 1231 448 .

119 509 250 609 quibus
267 504 403 582 infidiae
411 507 645 604 parabantur,
672 507 791 580 fieret:
819 506 996 604 Cethegus
1009 503 1118 610 Cice·¹

120 629 212 705 ronis
222 628 374 730 januam
391 628 578 718 obfideret,
596 653 680 700 eum
697 627 733 702 vi
750 628 1015 728 adgrederetur,
1028 629 1114 704 alius

120 738 239 826 autern
256 751 392 836 alium;
417 747 476 822 sed
489 749 551 822 lilii
568 747 793 852 familiarum,
812 773 966 846 quorum
982 773 1027 822 ex
1049 775 1112 822 no·
1133 780 1136 786 ·

123 873 258 948 bilitate
281 897 452 946 maxuma
480 887 573 970 pars,
596 891 754 966 parentes
786 870 1036 956 interficerent;
1073 859 1126 942 sr·'

120 997 212 1086 mul,
231 995 331 1069 caede
350 998 383 1066 dc
401 991 565 1067 incendio
583 991 743 1088 perculsu
761 990 940 1082 omnibus,
971 992 1018 1064 ad
1039 991 1109 1064 Ca-

84 1134 86 1142 ·
121 1115 261 1188 tilinam
274 1133 510 1212 erumperent.
560 1113 656 1186 Inter
681 1113 756 1184 haec
782 1133 900 1209 parata
918 1133 1023 1211 atque
1050 1111 1112 1184 de-

123 1257 216 1312 creta
249 1236 431 1333 Cethegus
466 1232 603 1330 semper
641 1235 853 1331 querebatur
889 1234 934 1308 de
967 1230 1110 1330 ignavia

122 1356 322 1434 socinum:
365 1356 444 1432 illos
481 1355 678 1428 dubitando
720 1359 754 1428 δι
789 1354 863 1428 dies
907 1355 1115 1452 prolatando

126 1505 273 1577 magnas
302 1476 585 1575 opportunitates
615 1501 863 1574 corrumpere3
899 1473 1005 1565 fatto,
1040 1503 1115 1549 non

127 1599 301 1689 consulto,
330 1599 367 1672 in
400 1598 461 1672 tali
490 1597 647 1695 periculo
680 1623 769 1694 opus
804 1599 893 1671 elle:
931 1593 1049 1695 seque,
1091 1599 1115 1669 sr

128 1721 234 1819 pauci
251 1718 469 1819 adjuvarent,
494 1719 742 1819 languentibus
763 1717 854 1808 aliis,
877 1717 1050 1814 impetum
1076 1717 1113 1792 in

128 1841 265 1916 curiam
281 1840 467 1916 fadturum.
518 1843 657 1916 Natura
672 1840 786 1930 feroit,
805 1840 1010 1928 vehemens,
1042 1863 1117 1910 ma·
1237 1885 1239 1890 -

127 1991 178 2038 nu
202 1983 374 2062 promtus,
400 1988 613 2044 maxumum
630 1964 774 2037 bonum·
787 1959 825 2034 in
849 1958 1023 2034 celeritate
1051 1984 1116 2058 pu·

129 2088 243 2160 tabat.

182 2205 320 2281 XLIV.
349 2207 423 2280 Sao
455 2207 667 2306 Allobroges
697 2231 742 2278 ex
771 2224 947 2304 praecepto
974 2203 1116 2278 Cicero-

131 2325 187 2402 nis
212 2351 278 2424 per
303 2326 496 2402 Gabinium
524 2348 655 2402 ceteros
679 2327 919 2414 conveniunt3
955 2328 1001 2400 ab
1021 2328 1118 2398 Len·

130 2449 219 2540 tulo,
232 2449 417 2548 Cethego,
442 2443 590 2540 statilio,
617 2449 702 2524 item
719 2449 833 2522 Caffio
851 2447 1025 2546 postulant
1047 2444 1118 2545 jus·

126 2566 335 2668 jurandum,
375 2573 472 2668 quod
506 2575 678 2675 signatum
713 2571 759 2644 ad
792 2569 878 2644 civis
916 2568 1117 2669 perferant:

133 2691 228 2766 aliter
241 2692 339 2767 haud
354 2691 457 2794 facile
472 2718 532 2766 eos
556 2694 601 2766 ad
617 2711 758 2766 tantum
775 2689 963 2788 negotium
985 2689 1122 2786 impelli

136 2815 244 2909 poffe.
293 2812 408 2886 Ceteri
432 2813 519 2888 nihil
545 2812 751 2911 suspicantes
763 2813 874 2884 dant:
898 2811 1040 2916 ’Callrus
1070 2808 1120 2884 se-

134 2952 207 3007 met
225 2959 268 3008 eo
289 2935 391 3009 brevi
408 2955 598 3010 venturum
611 2933 811 3031 pollicetur,
838 2959 878 3006 ac
902 2932 1022 3029 paullo
1041 2952 1121 3006 ante

134 3055 268 3154 legatos
303 3080 349 3130 ex
387 3059 475 3130 urbe
509 3055 749 3155 proficiscitur.
811 3055 986 3129 Lentulus
1017 3054 1122 3154 [curn

133 3176 208 3276 his]
250 3178 299 3251 T.
342 3178 568 3252 Volturcium
616 3178 808 3276 quemdam
857 3176 1123 3251 Crotoniensem
1228 3223 1231 3235 ·

135 3298 269 3384 mittit;
302 3298 353 3372 uti
372 3300 586 3398 Allobroges
603 3299 712 3397 prius,
739 3281 846 3398 quam
869 3301 1020 3373 domum
1044 3323 1123 3394 per·

137 3441 276 3518 gerent,
298 3447 380 3494 cum
400 3419 562 3512 Catilina,
593 3422 673 3494 data
693 3427 727 3495 tc
746 3441 889 3519 accepta
913 3422 998 3510 fide,
1016 3417 1122 3492 socie-

136 3557 245 3616 tatem
282 3544 538 3616 confirmarent.
600 3541 677 3638 lpse
707 3543 890 3616 Volturcio
925 3536 1051 3650 litteras
1079 3528 1125 3616 ad

141 3661 329 3783 Catilinam
346 3663 418 3754 dat,
445 3689 594 3764 quarum
612 3665 819 3764 exemplum
832 3660 1120 3761 infrascriptum:

583 3785 620 3860 D
638 3809 660 3858 2
