2662 4686
265 357 337 454 173
436 353 479 428 C.
507 351 703 428 emm
737 297 1049 440 sumini,
1084 353 1152 424 διε.

264 524 488 602 obtruncati:
516 523 691 624 Jugurtha
730 523 834 598 Sullae
862 521 999 598 vindus
1021 524 1181 615 traditur,
1203 529 1240 600 ἃ

265 651 311 724 ab
329 674 371 722 eo
388 648 434 722 ad
452 645 608 722 Marium
626 643 808 724 deductus.

313 770 445 844 CXIV.
475 769 555 840 PER
585 765 681 840 idem
697 787 838 863 tempus
854 764 1041 840 advorsum
1060 765 1181 840 Gallos
1198 769 1241 840 ab

264 889 413 964 ducibus
430 886 567 976 nostris,
591 886 824 984 QCae‘pione
852 891 885 960 δι
920 887 978 958 Μ.
995 887 1133 960 Manlio
1150 891 1240 982 male

264 1029 472 1112 pugnatum.
522 1007 608 1106 Qo
626 1029 723 1082 metu
740 1007 838 1082 Italia
854 1005 968 1080 omnis
980 1027 1241 1084 contremuerat.

262 1131 391 1228 Illique
409 1133 441 1202 δι
460 1127 542 1204 inde
560 1130 605 1202 ad
622 1128 774 1202 nostram
792 1127 1001 1204 memoriam
1019 1129 1176 1204 Romani
1198 1135 1240 1206 fic

211 1321 215 1330 .
262 1255 435 1330 habuere:
462 1249 528 1324 alia
551 1249 670 1323 omnia
689 1249 808 1324 virtuti
825 1247 893 1324 suae
912 1275 1020 1348 prona
1038 1252 1131 1338 effe3
1160 1279 1242 1328 cum

263 1370 374 1446 Gallis
404 1395 467 1468 pro
496 1367 615 1459 salute,
650 1397 722 1444 non
749 1397 811 1468 pro
842 1371 954 1470 gloria
983 1391 1125 1446 certare.
1175 1376 1241 1449 Sed

265 1491 448 1592 postquam
465 1491 598 1564 bellum
631 1490 667 1563 in
700 1491 872 1566 Numidia
890 1491 1104 1584 confedum
1124 1499 1157 1568 δι
1177 1497 1240 1590 Ju-

264 1613 430 1711 gurtham
454 1610 612 1686 vindum
629 1613 757 1688 adduci
775 1617 931 1688 Romam
949 1613 1152 1688 nunciatum
1169 1617 1239 1703 est3

263 1733 400 1814 Marius
417 1729 545 1808 Consul
562 1731 681 1810 absens
696 1731 821 1824 fadus,
841 1739 873 1808 δι
893 1733 924 1808 ei
942 1735 1082 1810 decreta
1098 1737 1242 1834 provin·

264 1853 318 1928 cia
334 1853 460 1928 Gallia.
510 1850 610 1950 Isque
627 1854 793 1928 Kalendis
820 1855 992 1950 januariis
1017 1882 1147 1955 magna
1164 1860 1241 1957 glo-

264 1975 314 2057 ria
330 1971 459 2050 Consul
477 1973 716 2073 triumphavit.
765 1977 818 2050 Ea
831 1977 1032 2076 tempestate
1045 1975 1120 2080 spes
1135 1999 1241 2083 atque
1315 2020 1317 2030 ¹

266 2119 351 2201 opes
375 2093 521 2174 civitatis
545 2094 583 2170 in
607 2095 669 2170 illo
699 2098 780 2170 fitae.
