2662 4686
240 349 308 432 t7o
464 328 507 403 C.
538 317 727 403 Curari
764 323 1065 429 Sacpusart

235 501 470 602 patefaciunt;
510 504 610 578 fimul
627 503 673 576 ab
690 525 733 575 eo
751 519 890 599 petunt,
922 500 976 574 uti
992 497 1107 572 fautor
1131 523 1216 574 cona

234 623 410 723 sultorque
427 623 488 700 fibi
504 625 611 698 adsrt:
635 621 766 720 copias,
784 621 908 711 fidem,
934 619 1219 720 magnitudinem
1315 725 1316 728 Ἴ

234 745 324 844 regis
341 742 404 834 sui,
434 743 565 834 atalia,
591 763 741 842 quaeaut
754 743 866 834 utilia,
891 763 951 816 aut
964 743 1217 816 benevolentiae
1315 749 1316 756 ’

234 866 424 940 credebant
450 864 605 938 oratione
633 865 833 938 extollunt:
868 863 950 937 dein
976 863 1071 936 Sulla
1097 864 1219 939 omnia

234 986 406 1086 pollicito,
428 985 539 1076 dotti,
569 1012 641 1084 quo
672 986 782 1059 modo
809 987 905 1083 apud
929 983 1101 1074 Marium,
1130 985 1217 1060 item
1316 1042 1317 1096 p

233 1109 328 1206 apud
353 1109 518 1182 Senatum
540 1109 650 1180 verba
672 1104 840 1196 facerent,
863 1105 997 1180 circiter
1008 1105 1082 1178 dies
1099 1131 1217 1182 xxxx.

233 1227 366 1302 ibidem
391 1228 630 1326 opperiuntur.

282 1350 376 1423 CIV.
402 1353 571 1424 Murrus
589 1348 776 1447 postquam
793 1347 944 1440 infesto„
967 1373 1039 1447 quo
1055 1347 1216 1424 intende*

232 1487 299 1560 rat,
318 1471 461 1570 negotio
477 1472 608 1546 Cirtam
625 1469 741 1557 redit;
764 1472 809 1543 de
836 1471 990 1543 adventu
1017 1471 1220 1569 legatorum.
1317 1475 1318 1562 l

233 1591 360 1666 certior
391 1590 694 1689 ranus‚j110sque
724 1596 758 1666 δι
793 1589 926 1664 Sullam
959 1591 1079 1664 venire
1097 1591 1215 1691 jubet,

233 1712 318 1786 item
334 1717 381 1788 L.
399 1713 594 1788 Bellienum
611 1715 801 1786 Praetorem
818 1709 940 1802 Utica,
959 1733 1126 1810 praeterca
1136 1739 1217 1786 om·

232 1834 286 1908 nis
302 1834 462 1932 undique
477 1833 642 1908 Senatorii
659 1833 804 1925 ordinis,
831 1833 1037 1933 quibuscum
1053 1837 1220 1909 mandata

231 1955 362 2032 Bocchi
378 1953 567 2052 cognoscit.
604 1955 750 2070 begatis
768 1955 918 2054 potestas
935 1955 1039 2029 eundi
1056 1957 1220 2031 Romam
1318 1967 1319 1998 ³

231 2079 273 2151 fit
305 2079 351 2150 ab
383 2073 558 2148 Consule:
601 2073 733 2149 interea
760 2077 912 2150 induciae
941 2076 1218 2173 postulabantur.

234 2200 289 2272 Ea
315 2197 419 2271 Sullae
450 2200 484 2269 δι
516 2194 689 2294 plerisque
723 2198 908 2293 placuere:
936 2197 1039 2295 pauci
1066 2197 1217 2272 ferocius

231 2317 437 2407 decernunt,
454 2315 581 2391 scilicet
601 2315 715 2414 ignari
734 2318 966 2390 humanarum
983 2343 1115 2410 rerum,
1135 2345 1216 2437 quae
1319 2339 1320 2416 J

232 2442 339 2516 fluxae
352 2441 388 2512 δι
405 2436 555 2516 mobiles
571 2436 704 2534 semper
720 2436 758 2510 in
774 2436 921 2511 advorsa
937 2458 1087 2512 mutant.
1112 2442 1215 2514 Cete-
1319 2501 1320 2508 ,

231 2587 311 2636 rum
328 2559 463 2650 Mauri,
487 2558 682 2657 impetratis
711 2559 874 2634 omnibus
903 2559 1021 2651 rebus,
1047 2580 1115 2635 tres
1140 2565 1216 2636 Ro-

231 2707 328 2756 mam
347 2679 493 2780 profesti
522 2707 605 2755 cum
622 2682 688 2754 Cn.
705 2681 856 2756 Ostavio
875 2679 987 2773 Rufo,
1014 2681 1076 2780 qui
1105 2686 1214 2780 Qtae-

232 2803 304 2877 stor
331 2802 542 2900 stipendium
570 2801 606 2876 in
637 2800 797 2876 Africam
824 2812 1044 2901 portaverat:
1071 2805 1146 2877 duo
1169 2803 1217 2876 ad

231 2948 353 3020 regem
365 2925 523 2996 redeunt.
575 2925 632 2996 Ex
651 2922 704 2996 his
721 2925 878 2998 Bocchus
896 2947 979 2997 cum
993 2943 1116 3016 cetera,
1138 2944 1217 2998 tum

231 3067 400 3117 maxume
430 3042 684 3141 benignitatem
715 3049 748 3118 δε
779 3044 934 3118 studium
955 3045 1058 3120 Sullae
1090 3047 1216 3120 lubens

143 3233 161 3258 s
229 3161 376 3260 accepit.
440 3166 568 3236 Roma
605 3163 728 3261 legatis
758 3161 844 3261 ejus,
881 3167 1068 3264 postquam
1092 3169 1216 3241 errasse

230 3308 352 3384 regem
369 3285 402 3354 dc
418 3283 604 3381 Jugurthae
621 3283 745 3391 scelere
762 3283 911 3384 lapsum,
931 3287 1105 3384 deprecati
1117 3287 1213 3379 sunt,

231 3403 424 3479 amicitiam
440 3409 474 3478 &
491 3402 609 3478 foedus
626 3405 823 3502 petentibus
847 3408 916 3482 hoc
937 3408 1047 3482 modo
1073 3407 1214 3506 respon·

230 3527 342 3602 detur.

281 3654 308 3690 “
327 3651 523 3722 Senatus&
542 3633 694 3746 populus
717 3653 901 3724 Romanus
926 3649 1087 3725 beneficii
1108 3654 1143 3724 δι
1160 3650 1214 3724 in·

233 3777 261 3813 “
271 3766 375 3867 juriae
391 3797 528 3846 memor
544 3773 611 3848 esse
628 3768 724 3848 solet.
774 3773 939 3846 Ceterum
951 3773 1105 3863 Boccho,
1124 3797 1212 3871 qun·
