2662 4686
219 365 264 449 86
412 359 680 434 C.Crtrtr1
717 355 1009 430 Sartusrrr

218 539 329 613 raudo
358 535 474 610 casum
504 535 606 610 suurn
642 535 842 622 confirmat,
877 531 928 604 uti
961 555 1022 628 per
1051 529 1206 610 hostium
1296 604 1304 614 ,

217 660 428 734 munitiones
445 659 551 732 nodu
569 656 613 729 ad
632 679 850 753 proxumum
867 669 983 742 mare,
1010 651 1093 726 dein
1126 655 1205 726 Ro·

218 771 319 870 ruam¹
342 799 535 879 pergerent.

272 905 409 977 XXIV.
435 903 622 974 Nurrrnat
641 898 757 998 paucis
775 897 899 971 diebus
909 893 1000 993 juffa
1018 894 1173 968 efficiunt
1193 924 1202 969 τ

218 1023 338 1095 litterae
383 1021 595 1096 Adherbalis
633 1021 671 1094 in
704 1019 821 1096 senatu
848 1015 1010 1108 recitatae,
1053 1042 1205 1116 quarum

216 1142 383 1218 sententia
407 1143 483 1218 haec
508 1142 598 1218 fuit·
683 1179 687 1184 ·

268 1271 295 1306 “
315 1265 400 1336 Non
428 1290 506 1336 mea
523 1265 628 1361 eulpa
653 1262 742 1362 saepe
771 1264 817 1337 ad
846 1288 910 1336 vos
927 1257 1065 1334 oratum
1082 1260 1202 1353 mitto,

219 1386 384 1457 “Patres
414 1384 611 1482 conscripti,
641 1383 700 1458 sed
738 1385 789 1457 vis
824 1383 1010 1482 Jugurthae
1044 1381 1201 1482 subigit:

218 1513 247 1548 “
267 1531 375 1602 quem
403 1525 499 1580 tanta
528 1505 651 1579 lubido
693 1503 939 1604 exstinguendi
974 1529 1030 1578 me
1062 1503 1201 1597 invasrt,

119 1707 124 1720 fl
218 1635 246 1674 “
265 1627 317 1701 uti
333 1653 448 1726 neque
465 1655 542 1719 vos,
569 1654 684 1726 neque
701 1629 786 1702 deos
803 1625 1011 1702 immortalis
1028 1624 1203 1708 inanimo

217 1755 245 1796 ‘⁶
265 1749 415 1836 habeat3
441 1749 645 1848 sanguinem
673 1775 807 1838 meum,
835 1773 944 1846 quatu
962 1745 1095 1836 omnia,
1126 1774 1202 1820 ma·

216 1868 312 1942 “lit
355 1873 477 1969 Itaque
495 1870 658 1968 quintum
670 1867 746 1966 jam
763 1867 918 1942 mensem
935 1867 1044 1941 socius
1063 1871 1096 1940 &
1114 1867 1203 1943 ami·
1270 1887 1272 1894 '

217 1998 245 2038 “
263 2019 324 2068 cus
358 1991 480 2088 populi
499 1990 654 2064 Romani
671 1990 773 2064 armis
791 1989 942 2064 obsessus
959 2008 1103 2064 teneor:
1131 2017 1203 2079 *ne-

216 2119 244 2166 ⁴‘
263 2137 333 2208 que
354 2110 441 2185 mibi
458 2110 617 2207 Micipsae
635 2111 740 2207 patris
756 2092 939 2200 benefitia,
958 2137 1073 2208 neque
1089 2113 1214 2187 vestra·
1273 2121 1282 2138 ⁸

215 2240 243 2278 “
262 2234 400 2305 decreta
428 2229 645 2304 auxiliantur.
696 2234 726 2305 F
728 2256 816 2320 err0,
837 2256 882 2302 an
899 2230 991 2305 same
1008 2233 1117 2307 acrius
1142 2261 1202 2308 ur·

217 2359 246 2404 ‘⁶
267 2377 387 2450 guear,
414 2351 565 2424 incertus
589 2349 677 2426 sum.
738 2353 842 2424 Plura
858 2352 903 2423 de
918 2352 1094 2447 Jugurtha
1118 2353 1203 2427 scri-

98 2515 101 2522 ·
216 2477 244 2516 “
264 2476 359 2562 bere,
379 2473 581 2545 dehortatur
594 2469 734 2546 fortuna
751 2496 852 2544 mea:
882 2470 986 2544 etiam
1014 2491 1115 2549 antea
1139 2499 1203 2550 ex-

215 2601 379 2692 “pertus
408 2592 498 2683 sum,
527 2619 650 2690 parum
673 2592 756 2666 fidei
773 2591 901 2666 miseris
918 2595 995 2666 esse.
1046 2593 1122 2668 Nifi
1148 2616 1201 2670 ta·

150 2747 152 2752 ’
214 2723 243 2786 ‘.‘
261 2741 344 2790 men
360 2715 541 2814 intellego,
561 2715 661 2808 illurn
677 2716 791 2812 supra,
812 2741 919 2814 quam
937 2741 1004 2813 ego
1021 2713 1112 2806 sum,
1137 2744 1199 2814 pe-

214 2843 241 2896 ‘-‘
259 2857 342 2930 tere,
362 2861 477 2935 neque
491 2839 590 2910 simul
603 2836 793 2924 amicitiam
810 2837 972 2927 vestram,
1001 2841 1200 2937 &regnum
1244 2872 1245 2880 ¹

214 2964 394 3050 “,rpeuru-
413 2956 570 3055 sperare:
591 2978 716 3034 utrum
746 2957 886 3058 gravius
912 2957 1111 3050 existumet,
1136 2987 1197 3036 ne-

214 3085 242 3122 “
259 3078 348 3152 mini
365 3081 546 3156 oecultum
565 3079 623 3157 est.
665 3082 763 3157 Nam
780 3079 878 3162 initio
896 3079 1024 3156 occidit
1041 3080 1197 3180 Hiemp-

213 3196 365 3273 “salem
394 3199 534 3280 fratrem
561 3225 707 3278 meum:
749 3199 832 3273 dein
865 3199 975 3298 patrio
1005 3227 1116 3298 reguo
1140 3227 1199 3275 me
1261 3253 1264 3256 -

213 3320 405 3419 “expulit
457 3323 548 3422 Ques
571 3319 649 3397 sane
678 3319 807 3400 fuerint
823 3321 950 3395 nostrae
967 3320 1115 3419 injuriae,
1144 3321 1198 3394 ni-

213 3448 241 3486 “
260 3443 310 3515 hil
334 3443 379 3515 ad
406 3467 481 3515 vos.
532 3443 666 3522 Verum
683 3467 777 3521 nunc
794 3441 945 3527 vestrum
970 3467 1120 3541 regnum
1144 3468 1198 3516 ar·

101 3617 104 3628 ,
213 3569 242 3608 “
259 3553 326 3636 ntis
354 3582 448 3636 tenet
463 3591 477 3653 ¹:
516 3587 588 3653 me,
623 3588 730 3660 quern
755 3561 1000 3660 imperatorem
1028 3561 1200 3638 Numidis

213 3689 241 3736 “
259 3682 428 3780 posuistis,
471 3681 625 3758 clausum
663 3685 821 3757 obsidet:
863 3685 1061 3784 legatorum
1088 3686 1199 3760 verba

213 3809 241 3868 ‘s
259 3804 381 3924 quanti
404 3805 534 3900 fecerit,
561 3797 715 3924 pericula
737 3831 818 3889 mea
842 3807 1030 3898 declarant.
1097 3803 1200 3917 Qud
