2664 4692
238 328 311 386 200
480 304 784 384 SALLvsTH
821 301 973 378 Hirr.

238 477 421 574 demissum
449 479 604 560 vidlodae
635 481 857 558 limulacrum
897 505 983 560 cum
1014 481 1214 564 machinato

237 600 381 698 strepitu
394 600 587 675 tonitruum
600 625 767 680 coronam
779 599 885 698 capiti
896 599 1122 698 imponebat:
1140 622 1220 684 tunt

236 723 390 802 venienti
424 725 524 799 thure
554 727 648 821 quali
680 725 760 798 Deo
790 721 1057 820 supplicabatur.
1110 723 1217 822 Toga

236 844 328 943 pista
342 847 549 942 plerumque
561 843 715 918 amiculo
726 862 797 919 erat
816 843 847 916 ei
859 842 1106 916 accumbenti:
1127 869 1215 942 epu-

247 967 290 1040 1ae
306 965 582 1066 quaefitiffutnae:
616 990 731 1064 neque
752 989 814 1063 per
837 987 981 1036 omnem
1004 965 1114 1044 modo
1136 991 1216 1064 pto-

236 1087 402 1177 vinctam,
420 1083 480 1160 sed
497 1105 588 1164 trans
604 1086 724 1177 maria,
743 1112 789 1160 ex
802 1082 1017 1162 Mauritania
1027 1086 1215 1168 volucrum

237 1207 439 1284 &ferarum
464 1207 644 1308 incognita
660 1229 760 1286 antea
782 1209 882 1306 plura
907 1231 1057 1306 genera:
1086 1206 1219 1306 quibus

234 1332 335 1403 rebus
351 1329 564 1427 aliquantam
588 1349 721 1428 partem
746 1329 864 1428 gloriae
888 1327 1081 1418 demiserat,
1113 1354 1216 1408 maxa

234 1476 317 1524 utne
344 1453 438 1548 apud
462 1455 647 1524 veteres&
676 1447 813 1532 [anuos.
835 1449 943 1540 viros,
969 1443 1117 1547 superba
1139 1450 1214 1542 illa,

236 1571 367 1671 gravia,
390 1573 536 1672 indigna
549 1576 597 1648 R.
614 1572 763 1671 imperio
775 1572 1033 1654 existumantes.
1065 1570 1223 1644 Macrab..

233 1696 341 1774 Satur.
361 1695 384 1766 l.
401 1722 466 1768 111.
479 1721 506 1766 r.
522 1719 616 1770 1111.
636 1693 767 1766 Nonius.
786 1695 949 1789 Sofipater.
973 1694 996 1764 l.
1011 1720 1040 1766 1.

282 1819 477 1916 Ruuntque
504 1841 581 1914 pars
607 1841 737 1918 magna
758 1812 909 1904 suismet,
932 1833 991 1891 aut
1019 1839 1213 1910 proxmuo-

231 1963 310 2012 rum
342 1938 431 2028 telis,
462 1937 566 2012 ceteri
595 1937 672 2010 viee
704 1961 871 2035 pecorum
904 1937 1212 2012 obtruncabantur.

231 2057 365 2131 Nomas.
1232 2037 1235 2044 ¹

279 2182 472 2254 Occurrete
495 2177 590 2268 duci,
629 2183 663 2252 δι
692 2177 851 2275 pralium
882 2177 1084 2267 accendere,
1124 2178 1213 2258 adeo

193 2346 195 2351 ·
230 2299 281 2374 uti
297 2301 447 2374 Metello
476 2299 513 2372 in
529 2299 664 2398 fagum,
690 2297 916 2398 Hirtulejoin
936 2297 1120 2378 brachium
1142 2301 1213 2376 tela

230 2420 400 2495 venirent.
450 2421 547 2496 Idem·

277 2541 469 2641 Avidisque
485 2543 546 2634 ita,
567 2541 777 2641 promtisque
793 2540 955 2632 ducibus,
976 2538 1027 2614 uti
1042 2541 1211 2618 Metellus
1320 2549 1321 2572 ¹

228 2659 300 2739 idu
317 2668 461 2764 tragulae
478 2663 694 2739 sauciaretur.
744 2663 842 2771 Idem.

276 2789 345 2862 Sed
372 2789 539 2864 Metellus
565 2785 602 2858 in
627 2786 783 2860 uulnere.
832 2782 917 2854 Dan.
934 2784 1016 2856 Ad.
1034 2807 1070 2854 v.
1088 2784 1144 2856 Sc.
1162 2808 1209 2856 11.
1320 2767 1321 2848 l

228 2909 315 2979 And.

275 3025 396 3098 Primo
425 3026 547 3100 incidit
579 3024 667 3098 forte
694 3050 757 3122 per
784 3025 926 3110 nudem
953 3022 990 3094 in
1016 3025 1209 3130 renuaculo

227 3145 397 3246 piscantis.
449 3146 532 3217 Nun.

274 3271 336 3343 Ad
363 3269 430 3340 hoe
465 3291 576 3364 pauca
592 3265 747 3363 piraticae.
762 3263 920 3365 adjungit
935 3263 1087 3340 astuaria
1109 3263 1233 3364 navig

224 3391 294 3491 gia·
344 3390 430 3462 Idem
446 3392 479 3459 in
494 3387 649 3484 Piraltscae
668 3391 797 3460 navicu!
823 3441 832 3460 .

271 3511 405 3590 Omnia
444 3511 569 3585 sacrata
600 3515 748 3604 corpora
779 3507 818 3582 in
850 3526 960 3590 ratem
995 3503 1206 3605 impoluiffe.
1320 3519 1321 3544 ³

177 3719 179 3727 Α
223 3633 370 3723 Arustan.
930 3624 935 3633 “

266 3754 357 3828 'Suos
368 3729 507 3852 equites
521 3751 679 3826 hortatus*
694 3749 788 3824 uado
812 3747 1020 3832 transmittit,
1071 3746 1170 3822 Idem.
