2662 4686
258 409 279 456 ·.
366 359 708 455 Ju'ounrnn.
805 363 807 368 '
1005 385 1089 461 137x

88 539 201 618 modo
218 535 401 636 instrueius
418 537 463 610 ad
480 539 632 611 Thalam
650 534 884 634 proficiscitur.
934 537 1076 613 Deinde

88 659 152 733 ubi
168 659 215 732 ad
231 657 269 730 id
286 657 354 731 loci
371 677 530 750 ventum,
563 683 633 756 quo
648 654 817 730 Numidis
847 680 1070 754 praeeeperat,

90 784 125 854 ἃ
162 779 270 854 castra
302 781 410 876 posita
438 779 642 876 munitaque
673 777 774 864 sunt;
804 797 901 850 tanta
932 799 1073 875 repente

88 902 184 974 coelo
203 899 303 974 milla
321 896 491 997 visaque
507 899 647 989 dicitur,
665 919 704 972 ut
721 923 761 972 ea
776 899 884 971 modo
901 898 1072 973 exercitui
1109 908 1115 920 ‘

59 1002 62 1011 Ι
91 1020 170 1096 satis
198 1020 372 1119 superque
402 1020 499 1094 foret.
565 1023 734 1094 Praeterea
768 1037 993 1092 commeatus
1014 1019 1075 1118 spe

91 1142 267 1240 amplior:
298 1141 380 1240 quia
395 1141 578 1231 Nu'midae,
609 1140 705 1215 sicuti
733 1139 887 1237 plerique
914 1139 952 1212 in
979 1167 1075 1214 nova

91 1263 287 1353 deditione,
317 1262 430 1361 officia
456 1262 688 1336 intenderant.
753 1263 918 1334 Ceterum
946 1261 1073 1338 milites

91 1383 263 1482 religione
293 1382 414 1480 pluvia
447 1383 560 1482 magis
585 1387 654 1458 ufir
688 1408 798 1482 eaque
835 1409 886 1456 res
921 1385 1073 1458 multum

92 1505 220 1578 animis
242 1529 364 1578 eorum
380 1503 528 1580 addidit.
577 1507 675 1578 Nam
694 1504 755 1576 rari
772 1501 839 1576 sese
856 1503 910 1576 dis
927 1481 1084 1577 immor?

93 1625 222 1700 talibus
257 1651 348 1698 curae
374 1627 452 1698 effe.
515 1623 654 1698 Deinde
683 1626 818 1722 postero
846 1625 918 1714 die,
953 1646 1074 1706 contra

93 1746 298 1844 opinionem
312 1747 510 1844 Jugurthae,
525 1747 570 1819 ad
587 1746 737 1822 Thalam
757 1745 971 1843 perveniunt.
995 1751 1072 1845 Op-

95 1865 231 1966 pidani,
250 1864 356 1964 quise
373 1868 530 1942 locorum
553 1865 731 1962 asperitate
748 1865 901 1939 munitos
918 1866 1074 1939 credide.

93 2007 185 2078 rant,
212 2013 341 2085 magna
356 2005 462 2085 atque
478 1985 612 2059 insolita
628 2010 664 2060 re
682 1989 839 2082 perculfi,
871 1985 981 2058 nihilo
997 1985 1072 2085 leg·
1170 1981 1176 1994 '

93 2107 176 2182 nius
190 2109 326 2180 bellum
342 2133 481 2204 parare:
510 2107 604 2181 idem
621 2108 725 2181 nostri
744 2106 866 2182 facere.

143 2229 318 2302 LXXVI.
342 2233 418 2303 Snu
435 2255 497 2302 rex
519 2229 605 2301 nihil
626 2225 704 2327 jam
732 2226 900 2302 infeeium
924 2231 1073 2304 Metello
1092 2233 1094 2252 “

93 2350 253 2440 credens,
282 2350 415 2448 quippe
438 2349 499 2448 qui
533 2350 675 2437 omnia3
708 2375 818 2441 arma,
847 2351 930 2440 tela,
959 2353 1072 2442 locos,
1164 2381 1165 2389 ¹

93 2491 269 2568 tempora,
292 2470 445 2568 denique
477 2491 638 2544 naturam
667 2469 789 2568 ipsam,
816 2460 935 2546 ceteris
960 2473 1072 2570 impe-

93 2593 270 2682 ritantem,
288 2591 454 2666 industria
470 2591 612 2681 vicerat,
639 2617 721 2666 curn
739 2592 854 2665 liberis
883 2597 916 2664 &
945 2619 1074 2690 magna

96 2734 190 2810 parte
208 2713 365 2810 pecuniae
396 2738 441 2786 ex
463 2712 596 2810 oppido
622 2713 728 2784 nodo
754 2710 908 2808 profugit
924 2740 938 2783 ι·
960 2738 1074 2809 neque

96 2835 214 2932 postea
232 2833 270 2906 in
284 2835 358 2906 ullo
376 2835 454 2906 loco
472 2833 622 2930 amplius
637 2859 707 2906 una
724 2832 794 2924 die,
813 2852 871 2906 aut
885 2857 954 2904 una
970 2836 1074 2906 nodie
1180 2883 1183 2890 -

95 2975 262 3044 moratus,
294 2954 473 3059 simulabat
498 2952 564 3028 sese
586 2952 716 3049 negotii
742 2951 850 3051 gratia
868 2979 1072 3051 properare;

96 3098 253 3151 ceterum
272 3075 508 3173 proditionem
530 3073 687 3164 timebat,
712 3099 819 3171 quarn
846 3073 953 3149 vitare
981 3080 1075 3173 polle

95 3197 271 3270 eeleritate
289 3198 443 3293 putabat.
493 3196 589 3268 Nam
613 3194 693 3266 talia
710 3185 850 3272 eonfilia
867 3220 929 3291 per
945 3197 1071 3286 otium,

98 3324 194 3394 &ex
212 3316 472 3416 opportunitate
493 3315 581 3414 capi.
633 3321 682 3390 At
700 3318 868 3391 Metellus
892 3318 954 3392 ubi
970 3319 1073 3415 oppi.

94 3439 204 3512 danos
221 3437 341 3536 ptaelio
352 3437 516 3528 intentor,
539 3439 638 3510 simul
655 3438 827 3534 oppidum
848 3443 880 3511 ὅτ
895 3438 1072 3533 operibus,

98 3563 132 3632 δι
147 3559 227 3631 loco
245 3558 421 3659 munitum
439 3558 549 3649 videt,
569 3560 662 3644 vallo
679 3555 834 3657 foliaque
853 3557 982 3631 moenia
1005 3559 1073 3631 cira
1138 3579 1141 3587 ·

95 3677 288 3760 cumvenit.
338 3672 477 3771 Deinde
495 3678 581 3752 locis
606 3705 651 3751 ex
674 3679 778 3776 copia
801 3704 971 3752 maxume
997 3678 1074 3752 idoa

6 3853 7 3866 r
96 3784 166 3886 peis
185 3795 305 3872 vineai
319 3825 434 3914 agere,
455 3824 619 3902 aggerem
637 3783 827 3897 jacerei&
854 3798 1074 3900 supe‘ragge„
1116 3808 1120 3819 “
