2668 4698
254 349 323 428 302
397 327 542 400 Poacrr
568 325 780 400 Lnrrroars
806 321 1084 398 Dacrnntnrro

248 497 383 574 vesania
398 520 460 574 tua
481 525 552 576 non
578 525 614 574 es
631 498 768 589 veritus,
795 523 834 572 ea
847 497 1016 588 restituas,
1041 519 1082 570 ac
1108 492 1225 574 sarcias

249 617 410 718 supplicii
422 621 472 694 tui
486 619 701 696 memorabili
712 618 1019 694 animadversiones

298 743 384 818 XX.
402 740 559 815 Manlius
575 739 776 838 Torquatus
789 739 901 814 lilium
916 735 1030 828 suum,
1044 737 1226 816 summa&

250 860 412 960 singulari
436 859 566 938 virtute
592 857 858 950 adolescentem,
877 861 974 957 quod
991 858 1019 934 is
1034 859 1072 932 in
1090 860 1227 936 hostem

247 1001 368 1058 contra
391 983 596 1060 mandatum
622 979 773 1079 patrium
805 978 1011 1070 dimicasset,
1053 979 1225 1056 viderem

250 1100 385 1200 percuti
407 1099 515 1178 securi
536 1100 651 1202 juffit:
680 1127 743 1176 nos
771 1120 899 1174 tetam
921 1099 1105 1174 temerario
1145 1100 1227 1176 ausu
1312 1180 1313 1208 ¹

250 1224 453 1298 tendentem
470 1243 590 1296 contra
606 1222 769 1298 mandata
785 1223 941 1312 Senatus,
956 1240 1076 1296 contra
1091 1221 1230 1300 univer·
1312 1227 1313 1234 ’

251 1343 295 1418 sae
321 1347 494 1418 Romanae
512 1341 617 1440 Reip.
647 1341 855 1441 majestatem
872 1341 1062 1416 Catilinam
1078 1342 1227 1440 perfere-
1313 1324 1314 1342 ¹

250 1468 357 1540 ntus?
409 1462 561 1563 Majores
577 1463 663 1538 olim
680 1462 787 1536 nostri
802 1462 1035 1562 sapientilsrmi
1052 1461 1227 1553 homines,
1314 1468 1315 1492 ¹

251 1589 368 1660 &srne
384 1584 493 1660 dubio
515 1583 714 1684 gravidum,
740 1606 827 1658 rrum
854 1585 983 1682 legese
1004 1582 1145 1659 Gracia
1169 1610 1230 1681 per
1315 1661 1316 1682 2

250 1707 383 1804 legatos
411 1703 488 1778 suos
510 1703 727 1781 accersendas
755 1706 821 1778 elle
849 1722 1075 1800 putaverunt,
1102 1704 1229 1801 quibus

249 1827 340 1902 banc
365 1825 501 1924 imperii
530 1823 809 1922 magnitudinem
833 1844 999 1921 perpetuo
1025 1824 1226 1916 stabilirent,

250 1966 290 2020 ut
306 1939 345 2020 tu
362 1948 472 2020 homo
494 1971 612 2020 recens
633 1938 823 2022 seueritate¹
838 1944 976 2020 illarum
1004 1971 1087 2020 cum
1105 1948 1229 2025 barba·
1317 1963 1318 1984 ¹

248 2066 332 2140 tulis
347 2066 415 2140 tuis
430 2065 645 2141 abutereris?
698 2068 783 2138 Non
804 2065 852 2138 ita
872 2063 983 2144 visum
1006 2066 1228 2166 Carthagini·
1318 2121 1319 2124 ,

247 2188 384 2262 enfibus
400 2186 599 2284 accepimus
615 2185 651 2261 in
665 2187 844 2260 Hannone
860 2184 920 2258 suo
937 2186 1043 2279 m'orti
1058 2189 1228 2262 condem·
1319 2233 1320 2242 κ

247 2308 380 2396 nando,
418 2305 611 2395 fortiliim0,
650 2330 691 2380 ac
723 2305 925 2404 triumphali
961 2305 1053 2397 viro,
1080 2311 1231 2406 quodie

247 2427 362 2514 edisio
391 2429 533 2502 Senatus
568 2425 685 2500 minus
715 2426 1001 2524 obtemperavisse
1035 2447 1228 2525 putaretur.

247 2548 335 2632 Non
360 2547 408 2624 ita
432 2545 561 2646 placuit
589 2545 873 2638 Atheniensrbus,
911 2548 989 2622 urbi
1021 2551 1089 2622 fine
1118 2549 1232 2629 dubio

248 2667 449 2744 dodiiffimae
464 2687 569 2768 atque
590 2667 837 2760 eruditisfimae,
864 2695 945 2743 cum
960 2695 980 2742 e
996 2668 1125 2760 Sicilia,
1153 2672 1227 2744 bel-

250 2792 357 2888 loque
395 2787 590 2888 gravissrmo
630 2791 868 2864 revocandum
903 2791 970 2864 effe
1005 2790 1231 2866 Alcibiadem

249 2910 452 2998 statuerunt,
477 2907 654 2984 sumntum
678 2915 712 2983 ὅτ
736 2912 940 3009 singularem
962 2909 1228 3008 imperatorem,

250 3055 359 3128 quem
369 3031 548 3126 juberent,
575 3029 716 3127 expiare
732 3029 904 3129 supplicio
930 3030 990 3105 suo
1006 3031 1101 3130 leges
1119 3031 1230 3106 viola-

248 3171 292 3225 tae
309 3148 496 3247 religionis.
545 3151 631 3223 Non
647 3150 694 3224 ita
716 3151 869 3249 denique
896 3149 1082 3249 majoribus
1107 3150 1231 3226 nostris

243 3268 441 3369 judicatum
467 3269 528 3360 est,
571 3271 773 3345 cohortibus
811 3273 1030 3346 exoletorum
1070 3291 1228 3362 tuorum,

249 3389 417 3466 sententia
440 3413 531 3480 mea,
550 3391 657 3488 longe
672 3391 936 3489 anteponendis,
955 3417 1038 3465 cum
1054 3393 1100 3464 L.
1114 3390 1229 3488 Sulpi·

248 3512 339 3586 tium
352 3509 521 3586 consulari
543 3508 688 3601 familia,
714 3510 921 3612 summoque
937 3513 1078 3612 ingenio
1093 3511 1226 3604 virum,

249 3651 391 3731 propter
430 3622 595 3730 eiiguam
633 3651 761 3708 notam
785 3632 978 3738 libidinosa
1010 3631 1224 3734 suspicionis,
