2664 4692
188 429 191 435 s
267 320 764 416 ,ancntnurnLin
787 325 822 400 1:
1015 329 1092 426 185'

97 497 272 598 peffumis
301 501 489 594 servorum,
521 497 649 576 divitiae'
668 521 774 601 partae
791 501 868 574 sunt
883 529 905 586 :=
920 527 978 591 an,
1005 504 1089 601 qui·

98 624 174 696 bus
194 625 355 719 praelatus
382 624 418 696 in
445 625 696 721 magistratibus
714 621 893 720 capiundis
910 625 1090 715 Fufidius,-

100 743 234 816 ancilla
262 745 386 842 turpis,
417 745 593 818 honorum
611 740 769 817 'omnium
795 745 1082 817 dehonestamen-

100 868 207 936 tum?
227 866 350 962 Itaque
366 891 571 938 maxumam
588 864 674 936 mihi
691 865 856 938 fiduciam
872 863 959 961 parit
972 864 1084 937 victor

102 983 295 1074 exercitus,
319 985 375 1058 cui
403 1010 465 1082 per
492 1004 544 1058 tot
573 985 774 1058 vulnera&
802 985 948 1073 labores,
982 984 1082 1074 nihil,

104 1125 232 1202 praeter
249 1126 450 1201 tyrannum,
474 1109 654 1203 quaefitum
671 1105 731 1178 est.
782 1104 856 1176 Nisi
873 1104 959 1177 forte
976 1107 1082 1180 tribu·
1132 1133 1133 1137 ’

102 1225 237 1298 niciam
252 1226 458 1322 potestatem
475 1224 630 1298 eversum
648 1223 791 1322 profecti
807 1222 884 1297 sunt
901 1250 960 1321 per
972 1253 1082 1318 arma,

104 1346 290 1418 conditam
308 1372 328 1418 a
345 1344 535 1443 majoribus
551 1344 642 1419 suis:
674 1345 794 1443 utique
809 1343 889 1442 jura
907 1351 939 1420 δι
951 1345 1084 1445 judicia

106 1466 244 1540 sibimet
278 1462 548 1564 extorquerent:
580 1468 721 1566 egregia
754 1467 881 1540 scilicet
908 1469 1081 1558 mercede,

108 1613 190 1659 cum
219 1587 363 1685 relegati
391 1589 428 1660 in
457 1589 599 1682 paludes
628 1593 661 1661 ἃ
691 1591 803 1678 silvas,
835 1589 1084 1662 contumeliam

106 1729 212 1804 atque
240 1707 412 1780 invidiam
440 1705 550 1800 suam,
586 1707 728 1805 praemia
762 1733 866 1804 penes
886 1735 1013 1804 paucos
1029 1710 1082 1782 in-

106 1813 315 1926 telligerentss
356 1833 474 1927 Qare
511 1829 615 1927 igitur
655 1815 752 1901 tanto
792 1828 932 1926 agmine
978 1850 1083 1928 atque

104 1949 228 2022 animis
263 1949 421 2034 incedit?
461 1949 544 2046 quia
585 1948 743 2023 secundae
781 1975 833 2021 res
880 1950 964 2024 mire
1003 1951 1082 2025 sunt

106 2069 199 2142 vitiis
218 2071 400 2157 obtentui3
428 2071 555 2168 quibus
573 2068 793 2160 labefactatis,
829 2097 936 2168 quam
960 2069 1081 2146 formi-

100 2192 209 2264 datus
226 2211 323 2264 antea
340 2191 402 2281 est,
429 2212 502 2264 tam
519 2211 787 2266 contemnetur:
812 2193 872 2266 nisi
895 2193 983 2266 forte
1006 2194 1081 2292 spe-

103 2312 163 2386 cie'
189 2313 380 2386 concordiae
408 2318 441 2386 dc
469 2313 575 2409 pacis,
606 2339 685 2412 quae
705 2313 820 2387 sceleri
846 2315 1082 2412 &parricidio

102 2431 165 2506 suo
180 2433 326 2505 nomina
342 2433 479 2506 indidit.
529 2436 656 2531 Neque
674 2434 771 2508 aliter
788 2437 921 2532 populo
945 2441 1081 2510 Roma·

102 2579 150 2625 no
176 2555 245 2626 effe
262 2553 344 2626 belli
362 2556 483 2642 finem,
509 2553 569 2644 ait,
601 2553 661 2626 nisi
679 2575 815 2627 maneat
833 2554 975 2651 expulsa
991 2545 1091 2655 agris

104 2677 240 2772 plebes,
270 2674 386 2771 praeda
403 2666 513 2747 civilis
535 2673 782 2758 acerbiffuma3
802 2673 872 2771 jus,
888 2672 1081 2770 judicium-

104 2821 172 2892 que
191 2793 353 2868 omnium
365 2820 479 2870 rerum
497 2819 600 2890 penes
616 2792 662 2882 se,
694 2795 790 2890 quod
807 2793 928 2890 populi
946 2789 1081 2868 Roma-

103 2916 139 2988 ni
165 2913 253 2988 fuit„
295 2919 399 3011 Qae,
431 2918 453 2987 st
484 2914 585 2988 vobit
604 2940 672 3010 pax
692 2919 725 2986 ac
743 2913 930 2988 concordia
953 2915 1089 3020 intelli-y

104 3057 249 3136 guntur,
275 3061 442 3108 maxuma
458 3036 674 3107 turbamenta
691 3034 826 3131 reipub.
849 3056 954 3133 atque
978 3036 1083 3111 exitia

103 3159 276 3254 probate:
308 3155 450 3228 annuite
466 3155 601 3251 legibus
620 3154 809 3252 impofitis:
841 3157 990 3256 accipite
1014 3160 1080 3233 oti-

103 3305 165 3352 um
189 3303 274 3350 cum
300 3275 461 3348 servitib:
500 3278 533 3346 dc
564 3275 686 3348 tradite
708 3279 919 3374 exemplum
940 3281 1083 3376 posteris

104 3398 148 3469 ad
172 3397 569 3495 populum‘Romanum
587 3395 708 3468 suimet
725 3394 896 3496 sanguinis
920 3392 1081 3474 mercede

105 3515 470 3591 circumveniundum.
525 3517 633 3605 Mihi,
666 3544 882 3615 quamquam
916 3543 978 3614 per
1013 3521 1081 3594 hoc
1132 3521 1160 3550 ‘¹

104 3635 284 3710 summum
312 3636 501 3733 imperium
530 3635 607 3710 satis
632 3641 814 3734 quaesitum
848 3657 917 3710 erat
946 3640 1081 3716 nomini

58 3809 63 3820 ·
102 3755 292 3855 majorum,
318 3756 493 3855 dignitati,
511 3777 615 3856 atque
632 3757 735 3832 etiam
756 3757 939 3855 praefidi03
963 3777 1080 3834 tamen
