2672 4682
404 311 750 418 jucunrun.
1050 319 1091 394 m

11 495 12 500 ’
101 511 149 566 tes
190 513 315 590 agros,
369 487 450 580 alia,
497 489 625 563 deinde
667 489 735 564 alia
770 490 848 564 loca
884 491 1102 588 petiverant,.

100 614 206 692 semet
240 612 305 709 ipsi
338 609 517 685 Numidas
549 612 781 710 adpellavere.
832 611 998 686 Ceterum
1032 617 1094 688 ad-

101 737 170 810 huc
192 732 345 808 aedificia
369 733 611 806 Numidarum
633 732 834 831 agrestium,
871 759 949 830 quae
973 761 1093 832 mapa-

11 833 12 846 *
103 857 146 932 lia
167 857 220 930 illi
242 837 388 945 vocant,
422 856 594 952 oblonga,
630 854 783 928 ineurvis
802 854 969 928 lateribus
990 859 1094 952 teda,

105 982 197 1077 quasi
219 975 367 1050 navium
392 975 516 1055 carinae
541 973 630 1049 sunt.
680 975 802 1070 Medis
819 995 938 1049 autem
964 982 997 1051 δι
1024 983 1095 1052 Ar·

103 1098 215 1173 menis
249 1096 585 1192 acceffere'Libyes
622 1098 724 1193 (nam
758 1097 795 1169 hi
829 1097 972 1194 propius
999 1125 1095 1174 mare

104 1220 272 1296 Africum
295 1217 496 1316 agitabant3
525 1218 654 1292 Gaetuli
678 1216 740 1292 sub
760 1215 831 1290 sole
849 1218 975 1315 magis,
1001 1223 1098 1294 haud

105 1341 232 1439 procul
258 1342 304 1413 ab
331 1339 532 1442 ardoribus)
568 1339 676 1437 hique
689 1325 839 1412 'mature
868 1340 1001 1438 oppida
1034 1344 1095 1416 ha-
1213 1404 1214 1414 ,

11 1499 12 1504 ’
103 1448 223 1538 buere.
273 1463 372 1534 Nam
389 1457 479 1534 freto
502 1460 602 1534 divisi
627 1463 672 1540 ab
698 1458 872 1558 Hispania
889 1481 1022 1535 mutare
1044 1487 1097 1538 res

107 1583 200 1656 inter
232 1581 266 1655 se
302 1581 530 1654 instituerant.
581 1583 727 1654 Nomen
760 1608 884 1654 eorum
916 1585 1099 1680 paullatim

104 1705 241 1802 Libyes
275 1708 471 1800 corruperq
508 1704 657 1777 barbara
683 1700 808 1799 lingua
836 1705 996 1796 Mauros
1032 1732 1097 1802 pro

104 1825 244 1916 Medis,
294 1822 519 1922 adpellantes.
570 1825 650 1915 Sed¹
680 1810 732 1896 ies
774 1821 954 1896 Persarum
999 1827 1098 1900 brevi
1168 1805 1170 1814 ¹

105 1946 291 2020 adolevit:
327 1973 367 2018 ac
402 1945 521 2043 postea
551 1941 694 2016 nomine
721 1944 907 2035 Numidae,
955 1965 1098 2056 propter

11 2087 13 2104 “
104 2067 372 2144 multitudinem
397 2093 418 2140 a
444 2065 646 2165 parentibus
676 2065 828 2164 digressi,
864 2068 1032 2164 possidere
1058 2093 1099 2141 ea

11 2197 12 2246 ἶ
104 2190 203 2278 loca,
245 2213 321 2285 quae
351 2212 526 2284 proxume
554 2187 805 2284 Carthaginem
833 2187 1006 2261 Numidia
1034 2190 1096 2262 ad·

106 2312 271 2409 pellatur.
321 2308 415 2382 Dein
438 2308 578 2407 utrique
600 2308 715 2382 alteris
737 2297 815 2382 steti
839 2307 1027 2382 finitumos
1044 2336 1097 2384 ar-

11 2455 12 2462 ’
107 2431 175 2508 mis
214 2449 274 2506 aut
310 2451 411 2532 metu
451 2418 514 2505 sub
550 2429 738 2528 imperium
778 2457 918 2531 cogere,
939 2523 947 2542 x
966 2457 1098 2534 nomen

109 2554 334 2653 gloriamque
376 2551 438 2627 fibi
472 2552 661 2640 addidere3
704 2553 817 2652 magis
856 2553 906 2642 hi,
954 2553 1017 2650 qui
1052 2555 1098 2626 ad

108 2675 269 2748 nostrum
291 2699 388 2748 mare
411 2658 663 2772 processerant:
696 2672 782 2770 ‘quia
803 2672 950 2778 Libyes,
989 2699 1098 2770 quam

106 2797 254 2888 Gaetuli,
297 2795 414 2870 minus
446 2795 622 2870 bellicosi:
661 2792 826 2891 Denique
854 2791 984 2867 Africae
1020 2821 1098 2891 pars

107 2915 251 2990 inferior
269 2921 442 3017 pleraque
470 2919 516 2991 ab
543 2914 713 2988 Numidis
737 2915 882 3019 pollellja
905 2915 978 3003 est3
1014 2915 1100 2991 victi

107 3062 233 3112 onmes
266 3038 303 3112 in
337 3050 479 3137 gentem
506 3063 707 3136 nomenque
733 3035 980 3137 imperantium
1013 3064 1098 3112 con-

108 3163 250 3234 cellere.

156 3285 264 3357 XIX.
290 3283 448 3356 Posrnn
465 3281 652 3356 Phoenices
669 3279 726 3354 alii
744 3279 979 3363 multitudinis
998 3277 1098 3354 domi

110 3403 313 3486 minuendae
342 3403 463 3502 gratia,
496 3431 572 3501 pars
600 3403 740 3501 imperii
768 3402 949 3500 cupidine,
974 3399 1099 3474 solliei-

109 3543 179 3598 tata
196 3528 301 3624 plebe
320 3531 353 3598 ἃ
371 3525 445 3598 aliis
463 3551 637 3600 novarum
653 3532 767 3598 rerum
785 3523 913 3614 avidis,
950 3521 1097 3619 Hippo·
1217 3579 1219 3582 -

108 3671 206 3738 nem,
243 3648 527 3738 Hadrumetum,
558 3647 704 3745 Leptim
732 3644 883 3742 aliasque
922 3641 1019 3715 urbis
1062 3643 1099 3716 in

109 3793 170 3842 ora
185 3767 364 3844 maritima
381 3768 596 3844 condidere:
634 3769 780 3867 Haeque
814 3763 912 3840 brevi
946 3766 1100 3840 multum

597 3891 633 3959 G
