2662 4686
269 369 338 410 ·=··
425 347 771 446 Juounrnta
1020 353 1085 452 169

97 523 126 570 '‘
143 515 278 625 legatos
305 523 350 596 ad
382 524 550 598 Senatum
578 524 798 598 miffurum.’'
848 521 956 613 Dein,
976 525 1082 624 eopia

95 647 199 737 faeta,
220 645 357 720 animus
375 646 509 719 barbari
537 648 583 720 ab
610 644 729 718 amicis
747 647 873 735 flexus,
905 671 994 742 quos
1017 650 1083 742 Ju-

97 769 239 866 gurtha,
269 765 408 864 cognita
433 765 609 864 legatione
637 766 739 839 Sullae
768 770 802 838 δι
832 765 978 856 Manlii,
1008 793 1105 863 meg

97 908 198 960 tuens
215 886 267 977 id,
286 888 384 985 quod
401 888 601 983 parabatur,
618 887 719 959 donis
736 907 946 994 corruperat.

162 1009 260 1081 ClIl.
298 1009 469 1080 Minus
498 1007 639 1097 interea,
670 1007 825 1080 exercitu
858 1007 894 1079 in
928 1007 1084 1083 hibernis

97 1132 308 1226 composrt0,
323 1153 407 1202 cum
421 1127 593 1226 expeditis
607 1128 811 1202 cohortibus
825 1133 858 1202 δι
874 1149 972 1226 parte
984 1130 1082 1227 equi-

97 1268 190 1323 tatus
219 1247 447 1347 profieiscitur
476 1249 512 1322 in
541 1251 618 1322 loca
645 1248 729 1339 sola,
757 1248 928 1340 obseffum
959 1251 1083 1325 turrim

98 1371 246 1468 regiam,
278 1396 349 1468 quo
381 1371 560 1468 Jugurtha
575 1369 736 1469 perfugas
753 1370 866 1444 omnis
885 1372 1085 1468 praefidium

101 1490 324 1588 imposuerat.
366 1492 465 1564 Tum
483 1490 596 1566 rursus
612 1495 783 1583 bocchus,
802 1490 860 1564 seu
877 1493 1090 1590 reputand0‚

102 1639 184 1710 quae
201 1611 264 1686 fibi
282 1611 423 1686 duobus
440 1611 566 1710 praeliis
584 1626 761 1703 venerant,
796 1612 855 1686 seu
887 1614 1088 1688 admonitus

103 1735 148 1806 ab
174 1731 308 1823 amicis,
347 1758 433 1830 quos
451 1732 669 1832 incorruptos
694 1736 868 1833 jugurtha
884 1736 1087 1832 reliquerat,

103 1853 276 1928 exomni
310 1853 412 1952 copia
446 1856 713 1928 neceffariorum
742 1855 900 1954 quinque
939 1857 1087 1954 delegit,

104 2001 260 2074 quorum
293 1979 327 2048 ἃ
358 1976 445 2048 fides
471 1975 627 2074 cognita,
654 1975 845 2073 &ingenia
867 1976 1089 2051 validilluma

100 2109 242 2171 erant.'
267 2097 336 2169 Eos
360 2098 406 2170 ad
434 2096 608 2187 Marium,
626 2123 667 2170 ac
685 2097 781 2189 dein,
801 2102 825 2172 sr
843 2100 990 2195 placeat,
1010 2081 1088 2174 R'o·

101 2243 202 2292 mam
220 2217 351 2315 legatos
368 2217 416 2290 ire
425 2215 547 2315 jubet:
572 2220 785 2318 agendarum
798 2243 929 2308 rerum,
946 2223 980 2292 ὅτ
998 2245 1088 2316 quo·

101 2363 260 2436 cumque
289 2340 400 2414 modo
429 2340 512 2414 belli
540 2340 778 2438 componendi
806 2339 984 2414 licentiam
1008 2366 1085 2436 per-

101 2459 219 2535 mittit.
271 2459 328 2534 llli
343 2480 477 2534 mature
500 2463 545 2535 ad
573 2461 718 2536 hiberna
740 2466 987 2536 Romanorum
1006 2487 1087 2559 pno-

102 2579 328 2655 ficiscuntur:
360 2582 487 2655 deinde
510 2581 633 2656 itinere
659 2609 680 2655 a
715 2582 864 2655 Gaetulis
895 2580 1088 2654 latronibus

103 2702 336 2778 circumventi
364 2701 583 2800 spoliatique,
614 2701 746 2799 pavidi,
775 2703 845 2774 fine
880 2701 1008 2772 decore
1042 2701 1089 2773 ad

104 2826 237 2897 Sullam
255 2823 605 2922 perfugiunt;·quem
625 2822 754 2896 Consul
771 2821 808 2894 in
824 2819 1093 2919 expeditionem*

104 2943 322 3042 proficiscens
353 2970 416 3041 pro
437 2947 586 3017 Praetore
604 2944 798 3042 reliquerat.
850 2945 923 3015 Eos
940 2941 999 3014 ille
1016 2967 1089 3016 non

105 3093 168 3164 pro
187 3065 286 3139 vanis
303 3065 473 3157 hostibus,
502 3085 541 3139 ut
568 3065 681 3138 meriti
697 3084 806 3154 erant,
836 3063 894 3137 sed
925 3063 1089 3138 adcurate

104 3213 144 3262 ac
163 3186 351 3260 liberaliter
379 3185 514 3260 habuit.
564 3190 646 3284 Qra
667 3211 705 3259 re
730 3185 865 3259 barbari
895 3189 928 3258 δι
957 3184 1089 3259 famam
1155 3200 1164 3216 ⁵

109 3311 358 3383 Romanorum
372 3307 525 3380 avaritiae
543 3305 674 3396 fallam,
702 3311 735 3380 ὅτ
764 3309 910 3409 Sullam,
932 3309 984 3379 ob
1010 3333 1089 3379 mu-

108 3427 322 3502 nificentiam
339 3428 375 3499 in
389 3425 468 3530 sese,
486 3427 641 3500 amicum
654 3427 730 3500 rati.
780 3429 877 3500 Nam
893 3425 998 3500 etiam
1011 3447 1089 3499 tum

108 3549 246 3648 largitio
270 3548 388 3621 multis
406 3547 541 3645 ignara:
565 3549 752 3622 munificus
768 3573 873 3621 nemo
890 3548 1088 3643 putabatur,

107 3668 169 3742 nifi
200 3668 325 3766 pariter
353 3669 498 3742 volens:
535 3671 629 3742 dona
661 3668 780 3742 omnia
808 3668 844 3740 in
874 3666 1089 3765 benignitate

107 3788 338 3864 habebantur.
398 3789 513 3888 Igitur
556 3787 732 3888 Qaestori
768 3788 931 3864 mandata
961 3788 1088 3872 Bocchi
1165 3814 1166 3822 ¹
