2672 4682
126 313 148 386 6
344 301 929 382 c.ca1snsrrrus111

126 479 282 558 Romani
309 479 410 557 domi
443 477 646 576 militiaeque
677 477 801 552 intenti
833 474 1003 568 festinare,
1043 501 1105 575 pa-

124 624 211 692 rare,
245 601 332 676 alius
356 601 468 676 alium
490 599 629 689 hortari,
667 598 820 674 hoffibus
857 595 1002 673 obviam
1042 597 1106 688 ire,

126 725 338 814 libertatem,
382 721 532 821 patriam
573 716 800 832 parentesque
833 717 939 792 armis
974 738 1105 818 tegere.
1168 712 1173 724 ’

125 845 219 936 Post,
244 843 306 918 ubi
334 842 489 942 pericula
510 840 638 915 virtute
668 837 907 939 propulerant,
933 839 1031 916 sociis
1055 859 1107 913 at·

125 989 194 1064 que
221 964 341 1040 amicis
367 961 498 1036 auxilia
523 964 709 1060 portabunt
726 989 735 1035 ε
753 959 948 1058 vmagisque
968 959 1107 1050 dandis,

21 1177 26 1186 .
124 1105 233 1183 quam
260 1083 476 1181 accipiundis
511 1082 691 1157 beneficiis
719 1081 887 1156 amicitias
925 1081 1106 1180 parabant.

126 1205 320 1303 Imperium
343 1185 558 1302 legitimum,
584 1227 716 1277 nomen
738 1187 875 1300 imperii
893 1185 1029 1300 regium
1046 1203 1107 1275 ha-

126 1328 281 1400 bebant:
316 1324 467 1414 Deledi,
492 1323 620 1422 quibus
643 1347 771 1422 corpus
795 1322 894 1396 annis
911 1323 1106 1411 infirmum,

125 1444 506 1544 ingenium-sapientia
533 1445 706 1536 validum,
725 1443 946 1544 Reipublicae
972 1433 1107 1516 consul-

124 1569 258 1640 tabant.
277 1565 330 1639 Hi
343 1567 400 1660 nel
414 1585 527 1657 aetate,
543 1568 601 1640 vel
613 1591 703 1640 curae
720 1563 942 1640 similitudine
956 1587 1107 1637 earnes

124 1689 399 1785 appellabantur.
449 1687 547 1777 Post,
565 1687 627 1760 ubi
644 1687 781 1785 regium
793 1685 992 1784 imperium,
1010 1687 1109 1784 quod

124 1807 223 1882 initio
251 1806 494 1882 conservandae
517 1807 698 1898 libertatis,
720 1825 827 1906 atque
849 1807 1020 1904 augendae
1041 1806 1108 1880 rei·

125 1929 276 2026 publicar
301 1927 427 2019 fuerat,
457 1928 495 2001 in
526 1927 723 2027 superbiam
757 1925 1122 2032 dominationemque·

125 2048 321 2135 convertit3
360 2049 548 2123 immutato
572 2075 682 2138 more,
707 2075 822 2123 annua
853 2047 1012 2145 imperia,
1055 2048 1108 2122 bi·

125 2168 259 2268 nosque
286 2167 510 2267 imperatores
544 2168 605 2244 fibi
633 2168 756 2242 fecere.
824 2170 881 2242 Eo
905 2171 1015 2244 modo
1040 2169 1108 2243 mi-

125 2315 232 2364 nume
261 2292 357 2387 posse
393 2293 563 2388 putabant
606 2313 668 2386 per
705 2288 882 2366 licentiam
910 2285 1110 2368 insolescere

125 2411 285 2486 animum
310 2413 518 2484 humanum.
594 2503 596 2507 ι

173 2535 253 2605 VII.
278 2535 354 2606 San
378 2557 418 2604 ea
439 2529 640 2628 tempestate
663 2553 803 2628 coepere
826 2529 860 2605 se
882 2528 1029 2629 quisque
1043 2555 1108 2606 ex-

125 2656 260 2744 tollere,
295 2650 475 2750 magisque
508 2651 692 2750 ingenium
716 2651 752 2725 in
787 2671 932 2750 promtu
969 2653 1109 2726 habere.

124 2779 221 2854 Nam
246 2774 385 2874 tegibus
414 2772 498 2847 boni
526 2799 632 2872 quarn
656 2773 740 2848 mali
770 2769 989 2870 suspectiores
1015 2769 1107 2864 sunt,

123 2896 329 2998 semperque
356 2895 409 2968 his
434 2894 546 2968 aliena
562 2893 672 2967 virtus
690 2879 915 2968 fortuidolosa
931 2895 990 2970 est.
1039 2896 1108 2970 Sed

123 3017 258 3107 civitas,
289 3014 494 3094 incredibile
529 3036 726 3090 memoratu
752 3015 815 3106 est,
848 3017 976 3114 adepta
1003 3016 1107 3091 libet-

106 3115 207 3229 'tate‚
228 3123 400 3236 quantum
419 3135 517 3210 brevi
534 3136 692 3210 creverit.
742 3139 859 3211 Tanta
881 3137 1011 3236 cupido
1030 3139 1107 3236 glo-

123 3258 181 3333 riae
207 3258 395 3360 incesserat.
446 3259 527 3352 Jam
556 3255 713 3354 primum
733 3255 902 3353 juventus
928 3260 1027 3334 simul
1058 3261 1106 3332 la·

122 3378 217 3452 boris
233 3403 274 3450 ac
290 3375 375 3451 belli
393 3376 526 3474 patiens
542 3397 628 3468 erat,
643 3378 679 3452 in
697 3378 814 3456 castris
832 3403 894 3478 per
915 3378 1017 3454 usum
1040 3379 1107 3452 mi-

124 3499 232 3572 litiam
250 3497 424 3574 discebats
453 3496 633 3597 magisque
648 3499 686 3572 in
701 3499 835 3574 decoris
851 3499 956 3575 armis
981 3506 1015 3576 tc
1039 3499 1108 3574 tni·

38 3629 41 3636 '
81 3609 83 3614 ’
124 3617 281 3692 litaribus
302 3617 422 3717 equis,
452 3643 559 3715 quam
586 3619 622 3692 in
651 3619 770 3696 scottis
797 3642 906 3720 atque
934 3620 1108 3706 conviviis

123 3738 320 3818 lubidinem
345 3737 533 3815 habebant.
593 3738 707 3841 igitur
739 3743 867 3818 talibus
906 3741 989 3822 viris
1017 3765 1107 3822 ,non
1198 3729 1202 3738 ¹
