2672 4682
479 282 785 367 Curtnrun.
1082 319 1133 392 :13

142 465 369 567 minibusque
394 458 548 560 infestus,
576 495 691 567 neque
716 468 848 568 vigiliis
871 494 994 566 neque*
1009 469 1133 567 quieti*
1245 475 1247 484 ’

146 592 217 662 bus
238 589 346 662 sedari
377 609 530 686 poterat:
562 590 610 662 ita
633 589 841 664 conscientia
866 577 1020 670 trientem
1041 591 1135 666 exci-

146 731 219 784 tam
236 711 407 785 vastabat.
457 712 571 810 Igitur
587 714 684 784 colos
701 708 898 808 exsanguis,
924 707 1010 784 soedi
1028 713 1133 800 oculi,

145 831 237 905 citus
264 831 389 922 modu,
419 833 528 904 modo
545 833 663 908 tardus
681 833 825 904 incessus
840 860 850 916 3
879 817 1014 927 prorsus
1032 831 1135 930 insa·

146 953 203 1026 cie
221 955 394 1050 vultuque
410 952 711 1026 vecordiainerat.
776 943 778 947 ¹

152 1133 157 1138 .
200 1070 301 1148 XVI.
315 1073 391 1144 Suu
398 1071 638 1171 juventutem,
659 1097 782 1170 quam,
802 1093 840 1147 ut
853 1071 955 1170 supra
966 1071 1134 1164 diximus,

148 1195 321 1282 illexerat,
357 1193 477 1264 multis
509 1194 624 1268 modis
656 1195 749 1266 mala
777 1192 930 1267 facinora
958 1193 1136 1268 edocebat.

152 1319 210 1388 Ex
240 1315 307 1388 illis
338 1313 441 1386 testes
469 1301 721 1412 fignatoresque
752 1312 852 1386 salsos
884 1315 1135 1400 commodaret

151 1437 274 1525 fidem,
301 1434 471 1526 fortunas,
500 1435 653 1532 pericula
676 1428 759 1508 vilia
777 1437 927 1523 habere;
955 1436 1046 1533 post,
1076 1435 1139 1510 ubi

151 1581 273 1629 eorum
299 1555 432 1630 samam
462 1577 567 1654 atque
594 1558 765 1653 pudorem
792 1557 980 1647 attriverat,
1007 1554 1139 1654 majora

150 1677 218 1750 alia
234 1678 454 1774 imperabat:
482 1676 516 1748 Si
530 1679 647 1750 caussa
666 1676 834 1774 peccandi
850 1677 886 1749 in
905 1675 1049 1773 praesens
1070 1676 1136 1752 mi»
1159 1750 1160 1754 ,

152 1825 219 1871 nus
246 1795 466 1895 suppetebat,
493 1797 604 1870 nihilo
621 1797 736 1870 minus
754 1797 919 1887 insonteS,
947 1797 1043 1869 sicuti
1058 1799 1136 1870 son·
1215 1871 1220 1877 ,

150 1939 216 2009 tes,
248 1919 518 2008 circumvenire,
536 1915 709 2016 jugulare.
760 1917 910 2008 Scilicet,
934 1941 978 1990 ne
995 1943 1056 2014 per
1071 1918 1136 1990 oti·

147 2064 217 2112 um
246 2039 479 2135 torpescerent
503 2064 629 2112 manus
645 2060 704 2112 aut
721 2038 871 2128 animus,
901 2039 1138 2138 gratuitopo-

153 2160 223 2232 tius
253 2160 363 2232 malru
391 2182 496 2259 atque
521 2160 671 2268 crudelis
700 2181 783 2234 erat.
835 2160 906 2234 His
936 2160 1056 2234 amicis
1085 2159 1138 2234 so-

153 2278 283 2378 ciisque
302 2280 450 2356 confisus
472 2281 636 2371 Catilina,
666 2283 767 2354 simul
792 2283 889 2379 quod
914 2308 959 2356 aes
985 2281 1139 2358 alienum
1213 2325 1215 2340 =

151 2427 213 2499 per
241 2402 360 2475 omnis
388 2423 493 2476 terras
519 2403 642 2501 ingens
669 2422 754 2492 erat,
791 2406 824 2474 &
855 2403 951 2500 quod
980 2402 1138 2502 plerique

150 2523 284 2597 Sullani
309 2525 450 2614 milites,
462 2549 466 2556 ·
478 2523 608 2622 largius
625 2521 686 2596 suo
702 2527 778 2614 ufi,
795 2522 996 2620 rapinarum
1016 2523 1139 2596 &vic-

151 2644 249 2718 toriae
275 2644 403 2718 veteris
428 2669 601 2718 memores
626 2643 728 2716 civile
746 2645 881 2718 bellum
900 2646 1138 2738 exoptabant3

156 2765 402 2863 opprimundae
416 2764 617 2862 reipublicae
635 2764 818 2837 consilium
836 2762 939 2859 cepit.
990 2763 1031 2832 ln
1043 2761 1141 2836 ltalia

155 2889 271 2960 nullus
293 2885 493 2960 exercitus:
521 2887 586 2958 Cn.
611 2883 800 2981 Pompeius
823 2882 858 2955 in
887 2882 1051 2956 extremis
1073 2904 1140 2956 ter-

155 3007 202 3080 ris
214 3009 350 3082 bellum
369 3009 533 3105 gerebat:
561 3005 623 3102 ipsr
641 3003 859 3078 consulatum
877 3003 1023 3101 petundi
1040 3031 1141 3104 mag-

155 3155 200 3201 na
222 3127 322 3227 spes:
359 3131 502 3202 Senatus
520 3125 703 3228 nihilsane
724 3125 898 3198 intentus:
936 3144 1021 3198 tutae
1051 3146 1141 3200 tran-

156 3249 347 3348 quillaeque
375 3274 428 3321 res
458 3273 579 3332 omnes
591 3277 602 3334 ;
639 3245 697 3320 sed
726 3274 766 3327 ea
788 3246 922 3345 prorsus
944 3267 1143 3343 opportuna

156 3369 326 3444 Catilinae.
1098 3467 1099 3472 Ἰ

206 3493 324 3564 XVII.
362 3493 506 3564 Iorrun
536 3491 672 3565 circiter
704 3492 879 3564 Kalendas
930 3485 1051 3584 Junias
1095 3488 1146 3561 L.

161 3610 343 3694 Caesare&
379 3613 421 3684 C.
456 3612 584 3711 Figulo
614 3610 821 3686 Consulibus
849 3611 963 3709 primo
990 3611 1144 3706 fingulos
1258 3640 1260 3644 ·

156 3735 359 3831 appellare:
395 3733 523 3808 hortari
541 3733 640 3824 alios,
660 3731 745 3808 alios
762 3752 919 3806 tentare:
942 3755 1034 3828 opes,
1054 3728 1143 3822 suas,
