2662 4686
231 361 296 442 172
461 339 1058 417 C.Cnrsrrsntn'1rsrrr
1151 333 1153 338 ’

156 585 159 590 ,
225 536 331 614 atque
349 519 515 592 hortatur.
566 519 629 592 Ille
653 517 771 592 animo
795 515 901 592 feroci
923 537 1029 618 negat
1056 523 1084 561 “
1101 517 1135 592 se
1153 537 1210 593 ῑσο
1323 609 1324 632 ¹

226 638 335 710 “ties
364 636 477 711 fusum
500 639 698 712 Numidam
727 637 991 737 pertimescere:
1014 639 1131 713 virtuti
1151 639 1211 713 su·
1323 653 1324 686 ³

227 764 255 802 “
272 783 375 832 orum
393 758 470 832 satis
487 759 650 833 credere:
682 759 786 833 eriam
814 764 837 833 fi
867 779 960 834 certa
983 753 1209 858 pestis'ades·
1323 755 1324 792 ³

228 884 256 922 “
272 877 334 968 set,
377 877 576 953 mansurum
621 880 751 978 potius,
790 906 897 978 quam
920 879 1080 978 proditis,
1117 899 1209 980 quos

227 1005 256 1042 “
275 999 440 1090 ducebat,
467 999 562 1097 turpi
589 999 674 1099 fuga
715 1001 854 1074 incertae
890 1027 929 1075 ac
956 1001 1096 1075 forsitan
1130 1003 1209 1100 post
1323 1011 1324 1018 ’

229 1121 392 1217 “paullo
415 1123 540 1194 morbo
569 1121 754 1198 interiturae
786 1121 866 1195 vitae
895 1123 1086 1220 parceret.”
1136 1123 1208 1196 Ce·

227 1261 340 1314 terum
370 1242 415 1314 ab
443 1243 569 1316 eodem
595 1243 761 1333 monitus,
781 1242 880 1316 “uti
911 1243 1020 1315 noctu
1051 1239 1205 1339 proficis-

228 1367 257 1407 “
269 1364 466 1452 cerentur,''
479 1363 662 1449 confilium
680 1366 875 1460 adprobat:
896 1389 936 1436 ac
949 1357 1064 1436 statim
1078 1363 1207 1437 milites
1323 1405 1324 1462 3

225 1499 375 1555 caenatos
393 1485 485 1569 effe3
505 1482 543 1555 in
559 1483 675 1558 castris
688 1483 780 1583 ignis
797 1509 906 1582 quam
924 1483 1151 1558 creberrimos
1164 1487 1207 1557 fi*

182 1647 193 1670 s
224 1603 286 1693 eri,
303 1603 386 1676 dein
404 1603 516 1702 prima
532 1604 653 1702 vigilia
670 1605 800 1678 filentio
818 1605 938 1704 egredi
953 1601 1066 1703 jubet.
1108 1607 1209 1700 Jama

227 1735 297 1821 que
314 1725 485 1799 nocturno
507 1725 629 1799 itinere
657 1723 745 1798 seffis
767 1725 945 1816 omnibus,
965 1727 1058 1800 Sulla
1077 1725 1207 1823 pariter·
1323 1767 1324 1796 ;

226 1869 309 1918 curn
344 1865 424 1919 ortu
459 1844 535 1919 solis
563 1845 672 1920 castra
714 1847 920 1938 metabatur,
958 1873 1039 1920 cum
1071 1847 1207 1944 equites
1323 1875 1324 1894 ³

224 1966 343 2038 Mauri
360 1966 541 2056 nunciant,
567 1975 593 2010 “
612 1969 825 2066 Juguttham
844 1966 979 2042 circiter
995 1967 1105 2040 duum
1122 1967 1207 2040 mil-

225 2086 358 2159 “lium
386 2087 570 2161 intervallo
598 2109 685 2161 ante-
706 2086 930 2162 consediffe.''
979 2087 1089 2185 Qud
1113 2089 1208 2185 post·
1323 2159 1324 2170 ,

224 2231 334 2303 quarn
362 2208 534 2298 auditum,
562 2227 640 2281 tum
669 2233 753 2280 vero
777 2207 900 2304 ingens
929 2227 1042 2281 metus
1071 2210 1207 2283 nostros

147 2399 150 2404 .
223 2326 383 2401 invadit:
413 2333 552 2402 credere
571 2327 729 2425 proditos
753 2329 920 2400 aVoluce
938 2333 972 2402 ὅτ
988 2329 1118 2404 infidiis
1141 2331 1206 2404 cir·
1323 2337 1324 2340 ’

223 2467 441 2523 cumventos.
492 2453 548 2523 Ac
572 2447 679 2540 fuere,
710 2447 771 2545 qui
801 2447 969 2540 dicerent,
999 2475 1109 2525 manu
1127 2452 1205 2525 vin·
1323 2435 1324 2442 ἵ

221 2570 427 2662 dicandum,
456 2595 571 2669 neque
600 2571 694 2668 apud
717 2568 819 2642 illum
846 2587 984 2644 tantum
1013 2568 1125 2648 scelus
1152 2573 1205 2647 in-

223 2687 337 2766 ultum
354 2693 634 2790 relinquendum.
885 2671 893 2682 ’

243 2816 373 2888 -c-VII.
401 2819 460 2888 Ar
479 2816 588 2905 Sulla,
610 2839 827 2913 quamquam
844 2816 967 2890 eadem
983 2815 1204 2908 aestumabat,

221 2929 339 3007 tamen
364 2937 409 3009 ab
435 2933 558 3031 injuria
581 2937 752 3009 Maurum
777 2936 966 3034 prohibet:
993 2936 1070 3011 suos
1087 2940 1205 3011 horta-

221 3074 290 3145 tur,
317 3061 345 3096 “
363 3055 415 3129 uti
431 3055 557 3129 fortem
587 3055 745 3130 animum
765 3079 949 3156 gererent:
986 3057 1075 3157 saepe
1103 3077 1206 3132 antea

221 3174 384 3273 “paucis
414 3175 557 3248 strenuis
590 3175 774 3250 advorsum
807 3178 1071 3252 multitudinem
1109 3179 1200 3250 bene

178 3325 180 3333 ’
221 3269 248 3340 ²⁶
275 3313 498 3395 pugnatum:
528 3315 658 3393 quanto
678 3297 739 3370 fibi
752 3297 789 3369 in
809 3298 927 3394 pralio
945 3297 1060 3371 minus
1078 3323 1202 3395 pepera

222 3425 251 3472 ’ἰ
268 3418 402 3507 ciffe'nt,
427 3435 526 3489 tanto
543 3417 686 3490 tutiores
699 3414 794 3490 fore:
827 3425 892 3491 nec
906 3441 1121 3516 quemquam
1139 3419 1201 3491 de·

191 3547 248 3620 s“
263 3545 358 3629 cere,
384 3537 451 3634 qui
479 3563 602 3611 manus
636 3537 832 3628 armaverit,
875 3541 919 3610 ab
961 3537 1100 3612 inermis
1140 3565 1201 3636 pe-

175 3641 177 3648 *
220 3657 368 3731 “dibus
402 3657 572 3732 auxilium
598 3675 727 3756 petere,
753 3658 790 3730 in
807 3685 976 3731 maxumo
1003 3679 1099 3733 metu
1136 3685 1201 3732 nu·

219 3784 247 3834 “-
264 3779 351 3854 dum
384 3785 418 3854 δι
458 3805 593 3856 caecum
633 3803 762 3878 corpus
802 3780 848 3854 ad
888 3779 993 3856 hostis
1027 3779 1201 3871 tortere.'’¹
1242 3867 1248 3877 Ι
