2668 4698
257 367 326 462 318
424 363 568 436 Poscit
595 363 806 436 Lsrnouts
827 362 1105 436 Dectsusrro

254 543 329 612 Aut
343 538 447 612 hodie
462 538 562 612 vobis
578 536 810 636 propulsanda
826 538 876 612 est
892 537 1111 612 evisceribus
1121 539 1227 638 Reip.

254 656 413 756 pestifera
436 659 489 732 vis
508 659 722 750 calamitatis,
745 679 805 732 aut
819 659 881 756 ipli
897 659 1016 758 patriae
1033 663 1103 734 fine
1120 661 1229 734 dubio
1322 649 1323 656 ἵ

253 777 530 852 concidendum:
561 799 679 852 utrum
695 779 899 878 eligendum
915 785 967 872 fit,
985 806 1049 854 vos
1060 779 1227 854 videritis.
1322 873 1323 894 Χ

252 900 351 998 Qrid
367 901 457 992 estis,
485 901 640 996 Judices,
659 902 873 976 humanitate
883 921 991 992 tanta,
1020 925 1066 974 ne
1075 900 1229 976 secordia

252 1021 382 1110 dicam,
409 1041 449 1094 ut
476 1047 596 1095 eorum
622 1022 747 1112 vitam,
777 1047 818 1096 ae
846 1020 1004 1120 spiritum
1032 1021 1163 1096 diutius
1190 1023 1228 1096 in
1322 1063 1323 1088 ι

253 1144 395 1238 Repub.
420 1143 629 1216 commorari
647 1141 839 1240 patiamini,
873 1142 935 1241 qui
950 1141 1030 1216 vitae
1060 1140 1229 1242 salutique
1322 1141 1323 1146 ¹

251 1261 382 1336 civium
398 1263 582 1336 crudeliter
608 1263 755 1337 infidiati
776 1262 879 1338 sunt?
910 1263 1109 1362 Praeponite
1125 1265 1228 1340 vobis
1322 1249 1323 1252 Ἴ

249 1403 330 1456 ante
346 1385 479 1473 oculos,
513 1385 788 1458 acmeditatione
805 1387 925 1488 crebra
941 1384 1112 1458 revolvite
1128 1385 1224 1458 diem
1322 1401 1323 1474 l

250 1503 350 1576 illum
375 1503 559 1596 nefarium,
588 1533 659 1604 quo
684 1505 770 1580 salus
793 1505 955 1579 omnium
977 1505 1124 1595 civium,
1155 1531 1227 1604 quo
1322 1517 1323 1604 J

250 1623 428 1698 facultates
454 1625 594 1716 nostrae,
629 1653 702 1722 quo
731 1653 784 1700 res
812 1625 883 1723 ipsa
909 1626 1051 1722 publica
1075 1627 1227 1722 peritura

251 1745 382 1820 fuerat:
416 1747 560 1844 quando
583 1745 710 1820 scilicet
734 1744 977 1844 aspexillemus
1003 1745 1126 1820 bestias
1148 1747 1227 1820 istas

250 1867 385 1940 emiffas
401 1867 597 1941 carceribus
621 1893 684 1964 per
699 1869 825 1940 urbem
843 1891 1002 1955 omnem,
1029 1891 1091 1962 per
1102 1869 1228 1940 domos
1322 1959 1323 1962 Ἴ

250 1986 382 2060 nostras
408 1986 574 2060 furialiter
598 1988 807 2078 exultantes,
837 1985 1022 2083 ipsumque
1048 1986 1085 2058 in
1106 1986 1227 2084 primis
1322 1997 1323 2082 f

249 2105 433 2180 miserandi
463 2104 626 2179 facinoris
641 2109 783 2181 'ducem
810 2133 851 2180 ac
880 2106 1076 2204 principem
1104 2107 1225 2180 Catili·

248 2253 344 2318 nam,
371 2229 618 2302 confirmatum
635 2229 702 2299 hoc
708 2225 858 2323 judicio,
885 2225 943 2323 spe
957 2228 1115 2324 plenum,
1140 2229 1225 2302 laeti-
1322 2231 1323 2322 j

246 2346 293 2418 tia
310 2345 532 2444 gestientem:
552 2373 646 2420 nunc
658 2349 721 2420 hos
736 2349 782 2420 ad
796 2348 929 2422 caedem
946 2347 1110 2437 nostram,
1128 2375 1226 2423 nunc

245 2465 323 2539 illos
351 2468 397 2540 ad
424 2467 595 2565 rapinam,
625 2487 730 2568 atque
757 2468 1063 2544 inflammationem
1089 2469 1225 2545 adium
1322 2545 1323 2568 ξ

245 2587 502 2662 devorantem:
530 2587 697 2688 conjuges
719 2613 739 2662 e
760 2587 1004 2686 complexibus
1028 2588 1150 2662 nostris
1177 2591 1223 2663 ad

244 2707 428 2784 libidinem
446 2709 620 2784 victorum
638 2729 744 2808 raptae
761 2708 917 2783 fuiffent:
938 2709 1036 2782 liberi
1049 2711 1095 2782 ad
1106 2709 1223 2806 stupra

242 2829 289 2904 de
300 2829 444 2928 gremiis
457 2849 641 2929 parentum
654 2831 795 2921 extorti,
815 2829 958 2928 pretiosa
974 2828 1156 2927 suppellex
1172 2827 1223 2901 as·
1322 2817 1323 2890 l

245 2969 396 3045 portata,
422 2951 512 3024 tella
529 2952 790 3050 conflagrassent
808 2951 963 3049 ignibus,
982 2975 1126 3047 corpora
1139 2946 1223 3022 caesa
1322 3007 1323 3030 2

243 3069 364 3165 pallim
392 3066 588 3165 jacuilsent,
624 3071 742 3144 omnia
764 3071 916 3169 denique
941 3070 1089 3170 gemitu,
1119 3073 1222 3144 fletu-

198 3177 202 3188 ¹
243 3188 579 3286 queredundaffent.
630 3195 721 3266 Haee
743 3190 855 3270 fuiffet
881 3191 1001 3290 imago
1020 3189 1222 3266 miserrimae
1322 3275 1323 3282 ἵ

242 3308 352 3400 urbis,
381 3336 488 3408 quam
509 3313 631 3384 urbem
654 3338 676 3386 a
698 3309 884 3410 majoribus
907 3311 1030 3390 nostris
1049 3311 1221 3386 florentis-

242 3434 362 3505 simam
392 3430 616 3529 accepimus:
650 3437 699 3522 ὅτ,
727 3437 750 3504 fi
781 3430 1038 3530 prohibueritis,
1073 3433 1218 3522 claram,

241 3573 348 3650 atque
365 3554 594 3626 excellentem
612 3551 759 3650 posteris
776 3553 902 3635 nostris
914 3553 1073 3627 tradituri
1091 3552 1220 3636 sumus,

290 3674 498 3746 XXXVIII.
524 3675 591 3746 Per
613 3673 866 3747 humanitatem
890 3673 1043 3770 denique
1065 3673 1231 3757 vestram

240 3817 304 3865 vos
319 3793 485 3908 obtellor,
504 3814 608 3892 atque
624 3789 779 3886 obsec‘m,
798 3793 953 3893 Judices,
980 3819 1042 3893 per
1058 3819 1220 3880 amorem
