2668 4698
259 340 330 416 282
495 337 1008 436 JunrusExsurnnnnrrtra

256 507 366 605 girata
386 509 571 606 perficere.
620 510 793 584 nedum
824 509 936 584 multa
963 523 1075 606 parat,
1112 511 1239 584 morbo

256 628 354 726 gravi
372 619 551 726 oppressus
568 656 608 703 ac
626 650 786 706 mortuus
806 630 865 704 est.

305 751 385 828 Vll.
410 747 520 848 Cujus
548 749 659 826 socius
689 751 942 826 &administer
967 753 1165 849 Perpenna,
1191 755 1239 826 ob

254 873 423 946 delictum
456 873 543 948 tanti
571 870 738 948 facinoris
770 871 983 972 supplicium
1015 873 1157 964 timens,
1194 899 1239 948 ex

253 992 411 1068 Sardinia
428 993 464 1066 in
491 992 701 1092 Hispaniam
718 993 928 1070 transvectus
945 993 1019 1081 est;
1047 1020 1087 1070 ac
1106 992 1140 1068 se
1162 996 1237 1068 Ser·

215 1207 217 1216 y
253 1116 344 1190 torio
373 1113 530 1206 sociavit,
559 1116 619 1212 qui
637 1136 713 1190 tum
734 1115 907 1192 Romanis
924 1114 1029 1190 armis
1056 1117 1238 1212 quassabat

252 1236 452 1334 imperium.
503 1240 600 1314 Nam
619 1237 675 1312 hic
692 1238 860 1312 Sertorius
888 1239 933 1312 de
948 1237 1056 1312 Marii
1080 1236 1238 1333 partibus

252 1358 329 1432 suit.
380 1361 477 1432 Nam
493 1361 718 1436 Norbano&
738 1358 900 1456 Scipione
916 1356 1132 1448 consulibus,
1152 1383 1236 1453 cum

252 1503 299 1552 ex
319 1483 399 1556 Asta
415 1482 508 1576 Sylla
525 1502 645 1556 contra
660 1480 824 1556 Marium
843 1501 950 1577 atque
968 1477 1159 1554 sadionem
1176 1505 1235 1554 ve·

252 1599 341 1694 niret
363 1599 518 1692 infestus,
544 1601 670 1676 timens
686 1603 830 1678 Senatus
848 1603 948 1693 iram,
975 1627 1019 1674 ne
1037 1602 1132 1674 malo
1145 1603 1236 1697 pub·

252 1719 323 1796 lico
340 1721 527 1802 certamina
545 1721 634 1799 inter
644 1724 751 1798 duces
769 1723 954 1812 orirentur,
968 1721 1099 1810 statuit,
1115 1741 1156 1794 ut
1175 1747 1236 1828 cp-

251 1867 364 1920 tarent
380 1841 561 1933 Consules,
588 1870 632 1920 ne
650 1848 697 1920 R.
717 1847 757 1920 Ρ.
781 1844 952 1942 acciperet
969 1825 1234 1920 detrimentum.

252 1964 339 2044 Hoc
373 1965 490 2063 itaque
518 1967 663 2041 Senatus
692 1963 847 2044 consulto
876 1964 1020 2040 excitati
1050 1963 1234 2052 Consules,

252 2086 589 2166 contravenientem
611 2088 757 2190 Syllam,
774 2107 880 2185 atque
897 2069 1235 2164 omnibus'exitiurn

251 2207 489 2298 minitantem,
517 2207 671 2308 praesrdia
689 2208 750 2286 fibi
779 2206 944 2306 cujusque
962 2207 1098 2309 generis
1115 2233 1235 2304 parare

251 2349 450 2424 coeperunt,
484 2333 517 2407 δι
551 2329 658 2404 duces
684 2328 844 2418 idoneos,
872 2331 1091 2427 adquorum
1117 2328 1234 2412 indus-

250 2447 353 2523 triam
378 2448 563 2546 pertineret
581 2475 662 2525 cura
679 2450 865 2534 bellorum,
916 2453 958 2524 In
976 2449 1074 2548 queis
1095 2455 1236 2551 elegere

251 2570 456 2650 Sertorium.
505 2573 630 2646 Parato
648 2571 857 2648 validiffimo
882 2573 1042 2658 exercitu,
1062 2576 1262 2670 processe,-=

249 2720 309 2781 re3
336 2697 387 2783 br,
415 2713 557 2770 vetante
574 2694 738 2783 Sertorio,
766 2683 945 2791 colloquia
968 2693 1134 2776 Consules
1156 2721 1233 2793 per-

249 2813 443 2890 miserunt
436 2835 525 2897 mter
542 2813 644 2896 suurn
662 2818 695 2890 bt
716 2817 819 2911 Syllae
837 2815 966 2898 exercit
969 2843 1055 2903 u1n3
1084 2822 1117 2892 ὃς
1142 2815 1234 2890 sada

251 2936 404 3033 proditio
433 2935 497 3025 est,
537 2936 726 3034 omnisque
749 2935 920 3018 exercitus
947 2938 1050 3034 Sylla
1078 2937 1233 3018 traditur.

249 3059 355 3136 Tunc
385 3039 551 3136 Sertorius
569 3057 766 3146 destitutus,
793 3078 899 3156 atque
926 3059 1025 3138 omni
1052 3059 1233 3156 copiarum

247 3179 398 3252 nudatus
415 3176 595 3266 auxilio,
586 3204 622 3250 m
645 3179 821 3256 Etruriam
839 3178 1015 3286 confugit,
1042 3178 1133 3252 iram
1159 3204 1232 3252 rne-

248 3321 351 3381 tuens
368 3297 485 3394 Sylla,
513 3323 557 3373 ne
575 3299 731 3398 exigeret
748 3326 894 3398 gravem
912 3303 958 3374 de
981 3297 1224 3397 superatos
1155 3297 1232 3379 hos-

248 3445 283 3496 te
300 3419 504 3496 vindistam.
557 3422 641 3502 Erat
663 3439 782 3494 autem
809 3420 949 3495 Etruria
974 3419 1137 3496 fidissima
1154 3446 1230 3517 par

143 3583 147 3595 ·
245 3543 339 3620 tibus
352 3540 537 3629 Marianis,
565 3567 625 3638 qur
617 3540 687 3614 ab
704 3541 782 3638 ipsis
799 3546 1035 3632 Romanam,
1045 3567 1154 3638 quam
1171 3569 1231 3615 an-

245 3685 303 3741 tea
319 3690 392 3736 non
408 3664 597 3751 habebant,
616 3683 823 3760 acceperant
840 3662 1033 3746 civitatem.
1082 3661 1230 3736 Timen-

247 3806 298 3870 tes
316 3783 422 3897 igitur
441 3781 587 3874 Etrusci,
615 3809 658 3858 ne
677 3783 890 3864 beneficium
919 3804 1023 3863 tantae
1046 3782 1291 3891 dignitatis
