2672 4682
457 323 811 421 'Canama'
1062 371 1105 447 31

113 517 143 560 “
164 511 345 590 maxumis
361 507 450 610 saepe
468 512 629 610 periculis
645 513 837 588 servavere.
887 516 975 592 Non
1001 523 1107 614 νοτὶς,

111 645 276 735 “neque
318 633 495 733 suppliciis
531 635 760 710 muliebribus
785 636 916 724 auxilia
958 640 1108 740 deorum
1201 687 1206 700 ι

110 765 141 801 “
159 778 354 856 parantur:
381 756 581 856 vigilando,
612 759 765 856 agendO,
785 759 875 832 bene
893 759 1106 836 consulendo

111 885 140 922 ‘⁴
157 875 328 978 prospera
344 878 466 951 omnia
482 879 637 952 cedunt:
668 876 908 954 ubi'secordiae
936 901 972 954 te
998 903 1104 981 atque
1168 973 1176 986 Ι

109 1008 137 1044 “
156 1000 314 1100 ignaviae
329 999 530 1090 tradideris,
560 999 801 1105 nequidquam
818 1001 903 1074 deos
916 1002 1104 1100 implores;
1170 1047 1176 1054 -

109 1129 140 1168 “
157 1123 238 1197 irati
256 1121 446 1221 infestique
462 1119 552 1194 sunt.
603 1123 715 1218 Apud
737 1121 883 1220 majores
901 1123 1036 1198 nostros
1058 1127 1105 1200 T.

108 1243 321 1320 “Manlius
342 1244 544 1341 Torquatus
568 1243 663 1316 bello
688 1243 826 1318 Gallico
848 1247 962 1320 filium
988 1245 1104 1338 suum,

108 1373 138 1410 “
157 1367 257 1464 quod
274 1364 304 1436 is
321 1383 443 1438 contra
471 1361 661 1462 imperium
688 1365 725 1437 in
752 1365 888 1440 hostem
918 1393 1102 1466 pugnave-

109 1495 141 1532 “
160 1505 227 1578 rat,
257 1482 373 1560 necari
393 1485 499 1584 juffit.
552 1489 673 1584 Atque
702 1486 762 1559 ille
788 1488 950 1586 egregius
969 1485 1101 1564 adoles-

57 1597 61 1604 *
112 1616 241 1683 “cens
258 1607 503 1682 immoderatae
526 1605 739 1680 fortitudinis
761 1628 877 1681 morte
902 1636 1024 1706 poenas
1041 1613 1103 1686 de·

109 1730 231 1816 “,dit3
253 1731 328 1803 Vos
357 1727 403 1800 de
431 1728 683 1802 crudelissumis
711 1727 890 1826 parricidis
918 1732 1005 1827 quid
1033 1735 1098 1806 sta·

111 1858 142 1894 “
160 1849 276 1942 ruatis,
298 1849 535 1924 cunctamini?
560 1850 734 1924 Videlicet
759 1850 831 1924 vita
849 1871 962 1925 cetera
979 1876 1103 1927 eorum

110 1978 142 2015 “
156 1972 243 2046 huic
272 1969 389 2043 sceleri
412 1969 539 2043 obstat.
575 2035 579 2042 .
612 1971 746 2044 Verum
776 1971 908 2068 parcite
936 1972 1101 2071 dignitati

111 2100 139 2136 “
158 2089 326 2181 Lentuli,
353 2095 374 2164 s1
398 2089 468 2190 ipse
491 2088 685 2189 pudicitiae,
715 2096 738 2166 s1
765 2092 868 2167 famae
896 2091 979 2186 sua,
1005 2094 1101 2170 fidis

109 2220 141 2257 “
159 2232 223 2286 aut
239 2211 437 2288 hominibus
454 2238 628 2311 umquam
656 2213 736 2288 ullis
765 2214 946 2313 pepercit:
982 2215 1100 2316 ignos-
1125 2232 1129 2246 '

110 2333 227 2408 “cite
256 2335 407 2434 Cethegi
440 2333 704 2423 adolescentiae3
739 2336 801 2410 nis1
830 2337 955 2412 iterum
982 2339 1098 2436 patria

110 2462 140 2499 “
156 2455 293 2530 bellum
309 2454 402 2530 fecit.
452 2457 550 2531 Nam
570 2456 666 2555 quid
674 2483 742 2557 ego
759 2459 804 2532 de
819 2459 988 2551 Gabinio,
1023 2463 1109 2572 Sta-³
1227 2555 1231 2568 Ι

109 2584 135 2620 “
152 2576 245 2668 tilio,
286 2575 460 2675 Coepario
488 2579 643 2676 loquar?
673 2580 812 2677 quibus
843 2583 867 2653 fi
901 2580 1097 2679 quidquam

109 2703 136 2742 “
154 2723 331 2796 umquam
345 2703 437 2795 pensi
455 2698 582 2790 fuiffet,
611 2725 683 2772 non
695 2726 736 2772 ea
752 2699 894 2772 consilia
909 2702 954 2773 de
970 2702 1099 2798 repub-

110 2819 225 2894 “lica
251 2819 460 2894 habuiffent.
510 2821 703 2912 Postremo,
750 2820 869 2893 Patres
899 2818 1096 2918 conscripti,

108 2947 136 2984 “
153 2943 176 3014 fi
206 2943 408 3016 mehercule
425 2962 569 3040 peccato
587 2943 684 3016 locus
701 2943 797 3032 effet,
816 2939 929 3015 ‘facile
947 2961 1095 3039 paterer,

105 3068 133 3106 “
152 3089 219 3138 vos
236 3061 312 3161 ipsa
326 3089 364 3136 re
381 3064 524 3163 corrigi,
546 3064 714 3162 quoniam
732 3066 840 3138 verba
856 3064 1094 3153 contemnitis3
1167 3085 1169 3088 ·
1202 3051 1205 3064 ’

107 3191 136 3230 “
153 3185 216 3260 sed
234 3185 393 3284 undique
410 3185 641 3260 circumventi
658 3183 786 3260 sumus.
837 3185 986 3260 Catilina
1013 3211 1096 3259 cum

106 3306 311 3380 “exercitu
337 3306 509 3381 faucibusl
526 3328 651 3407 urget:
687 3307 746 3381 alii
773 3307 862 3380 intra
888 3306 1034 3396 moenia,
1059 3305 1096 3378 in
1189 3389 1193 3394 ,

106 3435 134 3470 “
152 3433 228 3502 sinu
257 3429 354 3503 urbis
381 3427 460 3502 sunt
492 3430 632 3503 hostes:
675 3451 789 3526 neque
818 3428 945 3526 parari,
979 3451 1096 3523 neque

108 3554 137 3590 “
153 3548 287 3624 consuli
306 3551 502 3650 quidquam
530 3553 670 3624 occulte
699 3549 823 3647 potest.
873 3553 958 3646 Ql0
983 3547 1107 3646 magis

106 3673 140 3712 “
155 3665 430 3770 properandum.
496 3676 630 3772 Qare=
644 3671 694 3744 ita
728 3695 797 3769 ego
819 3669 972 3748 'censeoz
1010 3657 1093 3744 cum

106 3795 133 3834 ‘⁸
149 3791 286 3868 nefario
310 3792 453 3869 consilio
474 3791 718 3871 sceleratorum
734 3791 881 3880 ,civium
901 3787 1094 3894 respublica

451 3916 454 3925 “
549 3915 625 3988 Ea
