2662 4686
221 369 292 424 100
439 325 1042 437 C.Cnrs,r1'Snnrusrr1

219 542 293 592 rem
309 515 478 592 dimittit:
510 514 655 604 veritus,
686 537 731 586 ne
759 509 910 611 reliquos
927 511 1106 610 popularis
1130 539 1207 587 me-

220 660 275 714 tus
301 639 481 724 invaderet
514 634 656 734 parendi
674 634 749 726 libi,
781 637 805 706 li
837 634 883 706 de
906 633 968 706 illo
993 632 1207 731 supplicium

220 759 373 834 sumtum
389 758 489 832 foret.
542 759 589 828 Et
622 754 693 854 ipse
726 755 845 852 paucis
877 754 1001 829 diebus
1030 753 1207 852 profectus

219 881 280 972 est,
300 880 412 980 jussus
436 881 481 952 ab
507 879 635 950 Senatu
656 876 757 950 Italia
780 877 960 950 decedere.
1011 876 1080 948 Sed
1111 875 1207 974 post-

221 1027 330 1101 quam
359 1006 479 1076 Roma
501 1000 652 1098 egressus
686 997 750 1088 est,
802 993 910 1070 fertur
938 995 1027 1094 saepe
1055 1019 1098 1068 eo
1121 996 1209 1071 taci-

106 1135 110 1142 '
220 1142 276 1195 tus
303 1119 501 1218 respiciens,
530 1118 707 1217 postremo
739 1117 885 1191 dixisse:
918 1141 1056 1191 unsrun
1076 1143 1208 1192 vunn-

222 1269 305 1318 ram
337 1269 385 1316 ur
419 1265 589 1315 unrunu
620 1263 876 1329 runrrunnn,
928 1263 962 1312 st
1007 1263 1208 1313 Eurorum

223 1389 464 1440 ruvaunnrr.

283 1486 458 1560 XXXVI.
494 1486 673 1558 Inrnnrn
701 1481 868 1575 Albinus,
901 1501 1070 1558 renovato
1093 1485 1205 1576 bello,

220 1625 472 1696 commeatum,
492 1605 722 1703 stipendium,
741 1605 820 1697 alia,
848 1633 927 1704 quae
944 1605 1113 1680 militibus
1129 1602 1205 1678 usui

220 1725 349 1817 forent,
364 1714 514 1800 maturat
531 1726 566 1798 in
582 1725 741 1800 Africam
759 1747 919 1825 portare;
947 1752 987 1802 ac
1005 1726 1120 1800 statim
1135 1723 1208 1823 ipse

220 1847 413 1945 professus,
443 1847 495 1922 uti
523 1867 603 1922 ante
628 1847 786 1938 comitia,
820 1850 918 1946 quod
944 1851 1088 1946 tempus‘
1109 1843 1205 1921 haud

220 1971 328 2068 longe
365 1972 497 2060 aberat,
535 1969 654 2059 armis,
684 1989 743 2044 aut
770 1970 963 2062 deditione,
992 1989 1052 2043 aut
1077 1969 1209 2067 quovis

220 2091 331 2164 modo
366 2091 501 2169 bellum
539 2092 737 2164 conficeret.
800 2095 851 2163 At
882 2111 1002 2165 contra
1031 2091 1210 2188 Jugurtha

220 2214 356 2285 trahere
373 2210 507 2299 omnia,
529 2213 561 2282 δι
582 2209 679 2300 alias,
705 2209 833 2284 deinde
850 2211 932 2284 alias
954 2236 1064 2285 morae
1080 2213 1210 2286 caussas

220 2332 359 2406 sacere:
387 2328 544 2428 polliceri
571 2329 803 2422 deditionem,
838 2354 878 2403 ac
911 2330 1039 2404 deinde
1069 2353 1209 2405 metum

221 2454 406 2526 simulare:
445 2450 586 2524 instanti
612 2452 747 2543 cedere,
772 2457 806 2526 dc
831 2453 950 2550 paullo
976 2451 1066 2549 post,
1090 2477 1135 2524 ne
1159 2451 1209 2526 sui

221 2573 431 2662 diffiderent,
461 2570 585 2644 instare
600 2573 623 2644 ε’
639 2571 689 2645 ita
707 2573 796 2647 ,belli
818 2574 942 2664 modo,
972 2573 1082 2646 modo
1113 2571 1210 2671 pacis

221 2721 319 2768 mora
346 2687 535 2768 Consulem
567 2693 759 2788 ludificare.
810 2699 868 2768 Ac
895 2691 1005 2784 suere,
1040 2694 1102 2792 qui
1132 2712 1209 2768 tum

208 2793 399 2890 ¹Albinum
426 2814 521 2887 haud
550 2814 713 2914 ignarum
743 2814 883 2890 confilii
904 2813 997 2914 regis
1022 2813 1208 2888 existuma-

221 2957 299 3009 rent
313 2965 324 3021 ;
352 2959 467 3032 neque
490 2961 534 3008 ex
551 2956 648 3009 tanta
665 2936 885 3034 properantia
902 2956 976 3020 ram
1000 2933 1100 3008 facile
1117 2955 1207 3008 trac-

182 3085 188 3094 ·
221 3075 299 3128 tum
317 3055 451 3129 bellum
468 3055 621 3130 secordia
638 3057 765 3156 magis,
791 3081 898 3156 quam
915 3058 999 3131 dolo
1017 3057 1209 3130 crederent.

221 3175 289 3248 Sed
313 3176 511 3272 postquam,
546 3177 680 3275 dilapso
694 3189 869 3280 tempore,
892 3178 1116 3252 comitiorum
1134 3178 1209 3252 dies

222 3297 456 3383 adventabat;
495 3297 661 3388 Albinus,
691 3301 788 3373 Aulo
817 3298 919 3374 sratre
944 3300 1121 3374 incastris
1145 3325 1210 3397 pro

222 3419 372 3491 Praetor'e
397 3417 534 3508 relide,
562 3423 719 3492 Romam
732 3420 895 3494 deceffit.

258 3539 450 3612 XXXVII.
465 3541 526 3612 EA
545 3540 750 3637 tempestate
763 3546 892 3616 Romae
909 3541 1134 3618 seditionibus
1147 3543 1210 3616 tri-

222 3658 370 3732 buniciis
387 3659 546 3734 atrociter
557 3685 609 3734 res
620 3661 760 3758 publica
772 3663 978 3762 agitabatur.
1004 3666 1046 3736 P.
1071 3666 1239 3738 Lucul-

223 3759 277 3852 lus
296 3783 329 3854 δι
349 3781 395 3854 L.
419 3781 573 3875 Annius,
599 3781 729 3858 tribuni
748 3784 873 3884 plebis,
891 3785 1123 3862 resistentibus
1136 3786 1211 3860 col·
