2672 4682
586 153 593 206 l

402 333 746 430 Juuunenn.
1043 339 1091 436 63

9 581 10 586 ,
91 514 215 588 dinem
232 509 391 586 nominis
409 509 581 601 Romani,
599 509 707 586 Italiae
726 533 812 608 opes
828 531 999 584 maxume
1024 513 1088 585 ad-

91 635 264 722 triverat3
297 632 477 708 Mafiniffa
504 657 568 706 rex
596 631 852 722 Numidarum,
883 631 920 706 in
938 631 1092 708 amicitia

94 777 258 856 receptus
278 757 355 829 aP.
373 753 549 852 Scipione,
576 755 633 828 cui
662 755 781 852 postea
810 752 979 828 Africano
1005 779 1090 852 cog-

96 905 233 952 nomen
251 903 298 951 ex
317 877 444 950 virtute
460 875 539 966 suit,
568 877 732 949 multa&
753 877 920 974 praelata
946 874 996 948 rei
1025 875 1091 948 mi·

96 999 207 1074 litaris
225 997 385 1072 facinora
401 996 555 1072 fecerat:
586 1000 634 1071 ob
653 1023 746 1096 qua,
777 995 878 1074 vietis
907 997 1091 1096 Carthagi-

96 1121 277 1204 nienfibus
295 1125 330 1194 δι
348 1138 451 1217 capto
469 1120 641 1217 Syphace,
674 1117 773 1217 cujus
792 1118 828 1192 in
853 1117 972 1192 Africa
990 1144 1091 1216 mag-

96 1269 187 1316 num
204 1263 313 1340 atque
329 1243 397 1338 late
415 1240 605 1338 imperium
622 1240 747 1332 valuit,
775 1241 925 1339 populus
954 1245 1091 1315 Roma-

95 1389 164 1438 nus
205 1362 444 1461 quascumque
484 1360 579 1438 urbis
609 1367 771 1461 &agros
800 1389 907 1436 manu
937 1383 1091 1461 ceperat,

97 1486 178 1584 regi
202 1485 296 1559 dono
326 1483 439 1591 dedit.
490 1485 601 1583 Igitur
625 1484 774 1558 amicitia
792 1484 980 1570 Mafiniffae
997 1485 1092 1558 bona

98 1628 208 1706 atque
233 1607 380 1681 honesta
407 1605 508 1680 nobis
538 1610 749 1704 permanfitz
774 1607 912 1704 imperii
938 1606 1092 1703 vitaeque

100 1729 173 1828 ejus¹
193 1728 273 1803 finis
290 1724 387 1802 idem
404 1727 482 1802 fuit.
532 1727 627 1801 Dein
639 1817 643 1824 ¹
656 1727 805 1826 Micipsa
832 1727 923 1800 filius
941 1753 1092 1825 regnum

99 1849 194 1924 solus
225 1849 392 1941 obtinuit,
423 1849 664 1928 Mastanabale
695 1855 729 1924 &
759 1849 905 1923 Gulussa
930 1846 1093 1922 fratribus
1151 1883 1152 1886 ¹

99 1974 231 2046 morbo
248 1970 425 2046 absumtis.
475 1972 510 2044 Is
528 1971 823 2053 Adherbalem&
846 1967 1093 2068 Hiempsalem

99 2119 146 2167 ex
168 2091 241 2166 sese
265 2092 382 2190 genuit
389 2123 399 2180 ;
430 2095 732 2192 Jugurthamque‚
758 2091 1007 2166 Mastanabalis
1023 2090 1092 2166 sra—
1123 2155 1126 2160 .

97 2213 164 2287 tris
197 2211 326 2303 filium,
356 2241 462 2314 quem
492 2215 684 2306 Mamilia,
716 2215 814 2314 quod
831 2234 925 2288 ortus
943 2240 988 2287 ex
1007 2241 1091 2287 con·

93 2335 235 2410 cubina
261 2353 346 2426 erat,
383 2336 558 2434 privatum
574 2337 790 2436 „reliqueram
816 2335 948 2411 eodem
979 2338 1092 2428 cultu,

100 2485 172 2557 quo
190 2457 321 2532 liberos
337 2456 429 2550 suos,
457 2459 557 2532 domi
574 2459 707 2534 habuit.

146 2583 213 2654 Vl.
239 2581 327 2678 QJl
342 2579 407 2654 ubi
424 2581 581 2679 primum
598 2581 767 2674 adolevit,
795 2581 932 2679 pollens
944 2577 1092 2671 viribus,

99 2701 228 2777 decora
243 2699 345 2792 facie,
371 2699 429 2775 sed
456 2705 570 2777 multo
593 2728 763 2776 maxume
779 2701 923 2800 ingenio
940 2701 1092 2790 validuS,

100 2849 176 2898 non
194 2820 228 2896 se
249 2824 353 2914 luxu,
378 2849 495 2922 neque
506 2824 636 2900 inertiae
653 2825 957 2920 corrumpendum
969 2821 1068 2894 dedit
1079 2831 1092 2910 ς

99 2944 171 3036 sed,
200 2943 253 3018 uti
282 2971 360 3018 mos
389 2945 503 3046 gentis
532 2945 622 3020 illius
652 2945 713 3038 est,
739 2943 907 3054 equitare,
928 2935 1092 3044 jaculari,

99 3052 202 3140 cursu
220 3091 306 3140 cum
323 3067 516 3166 aequalibus
533 3088 689 3141 certare:
721 3071 852 3141 &cum
873 3061 988 3165 omnis
1014 3069 1094 3167 glo-

98 3187 146 3262 aia
167 3187 329 3279 anteiret,
360 3188 525 3277 omnibus
547 3210 665 3263 tamen
696 3213 796 3264 carus
818 3191 914 3264 else:
950 3194 996 3263 ad
1025 3191 1097 3264 hoc
1214 3258 1217 3269 ,

99 3313 272 3409 pleraque
297 3329 459 3408 tempora
485 3310 523 3383 in
551 3295 714 3386 venando
731 3337 847 3410 agere,
878 3313 1019 3386 leonem
1041 3330 1093 3382 at-

99 3457 167 3530 que
185 3430 273 3505 alias
294 3427 383 3505 seras
409 3431 555 3529 primus,
587 3455 647 3508 aut
669 3434 705 3506 in
724 3433 845 3531 primis
858 3432 984 3506 ferire:
1014 3421 1093 3528 plu·
1165 3491 1173 3498 ,

97 3553 233 3626 rimum
246 3549 372 3644 facere,
399 3553 601 3630 minumum
617 3553 689 3652 ipse
706 3555 751 3627 de
768 3553 801 3628 se
817 3553 928 3651 loqui.
955 3551 1098 3649 Qibua

97 3675 203 3746 rebus
222 3673 377 3772 Micipsa
393 3679 528 3748 tametfi
546 3675 646 3748 initio
677 3677 775 3749 laetus
806 3675 933 3762 suerat,
964 3674 1094 3774 existu-

98 3821 201 3872 mans
219 3795 387 3874 virtutem
410 3798 595 3898 Jugurthae
623 3794 822 3898 regnosuu
850 3794 969 3896 gloriae
994 3795 1091 3890 sore:

585 3921 616 3994 F
723 3931 727 3935 “
823 3979 824 3982 η
882 3945 886 3954 ’
