2668 4698
333 312 395 392 ΙΝ
444 315 832 402 simmam
1021 325 1092 422 269

113 511 169 566 tus
190 497 419 582 armatos,&
450 519 534 590 pace
562 496 696 568 bellum
724 481 897 591 oppreffi?
923 495 983 564 An
1006 493 1095 570 illud

114 612 280 686 mentitus
310 612 399 715 sum,
428 615 633 688 Fortunatam
665 629 770 686 natam
799 640 852 686 me
878 615 993 704 corffule
1026 619 1097 689 Ro-

111 759 221 818 marm·
249 732 309 831 qui
327 754 466 807 tantum
482 734 680 809 intestinum
699 737 848 824 bellum,
873 736 906 808 δι
928 735 1092 808 domesti.
1156 725 1158 732 ’

113 880 198 928 cum
224 853 318 927 urbis
343 853 548 928 incendium
574 855 750 929 exstinxi?

160 976 292 1071 Neque
318 995 352 1047 te
381 975 430 1048 tui
459 976 568 1072 piget,
595 977 705 1048 homo
731 976 925 1066 leviffume,
947 1001 1032 1048 cum
1055 999 1095 1050 ea
1146 993 1151 1004 '

112 1097 247 1192 culpas,
271 1121 350 1192 quae
378 1095 414 1167 in
443 1096 592 1174 historiis
626 1097 713 1170 mihi
738 1097 855 1196 gloriae
881 1096 1006 1170 ducis?
1033 1102 1095 1170 An

110 1215 248 1312 turpius
264 1215 325 1306 est,
343 1215 383 1288 P.
401 1217 442 1288 C.
460 1215 668 1298 scribentem
692 1218 846 1308 mentiri,·
867 1243 975 1316 quam
993 1218 1094 1291 illum

25 1403 28 1407 .
112 1336 231 1433 palam
248 1337 316 1410 hoc
335 1338 458 1443 ordine
474 1337 678 1412 dicentem?
710 1341 821 1427 Nam,
845 1339 942 1437 quod
960 1338 996 1410 in
1013 1359 1093 1412 aeta-

110 1478 184 1532 tem
201 1459 414 1556 increpuisti,
448 1479 585 1532 tantum
603 1485 661 1531 me
679 1461 792 1533 abeffe
808 1479 896 1557 puto
913 1462 959 1532 ab
975 1459 1094 1558 impu·

111 1579 244 1671 dicim,
263 1599 435 1677 quantum
463 1600 501 1652 tu
518 1553 549 1653 ‘a
581 1580 758 1678 pudicitia.
809 1581 876 1654 Sed
910 1580 997 1676 quid
1026 1607 1095 1679 ego

110 1701 155 1774 de
185 1720 221 1774 te
250 1702 352 1797 plura
378 1705 533 1798 querar?
575 1699 809 1795 Qtidenim·
828 1699 965 1772 mentiri
993 1721 1095 1799 turpe

109 1822 231 1911 duces,
252 1819 312 1919 qui
330 1819 416 1894 mihi
433 1820 532 1894 ausus
566 1825 608 1901 fis
630 1818 865 1917 eloquentiam
881 1818 932 1894 uti
966 1819 1094 1896 vitium

111 1941 277 2039 objicere,
305 1939 403 2038 cujus
419 1940 555 2038 semper
570 1966 698 2014 nocens
721 1939 843 2038 eguisti
872 1941 1092 2036 patrocinio?

108 2067 172 2136 An
187 2062 499 2156 ullumexistumas
508 2062 602 2158 posse
614 2060 690 2134 fieri
702 2051 818 2133 civem
831 2061 1013 2160 egregium
1018 2063 1095 2161 ,qui

108 2209 183 2256 non
200 2181 252 2254 his
269 2181 448 2256 artibus&
467 2181 655 2279 disciplinis
673 2186 711 2255 fit
730 2182 913 2256 eruditus?
945 2187 1006 2256 An
1022 2186 1095 2258 ulla

11 2325 14 2340 ’
105 2303 176 2402 alia
205 2321 306 2399 putas
329 2305 396 2377 effe
412 2303 610 2377 rudimenta
640 2308 674 2376 ὅτ
703 2303 913 2377 incunabula
941 2303 1093 2396 virtutis,
1165 2380 1167 2395 ,

108 2423 238 2522 quibus
254 2423 368 2522 animi
379 2425 424 2498 ad
443 2423 562 2522 gloriae
581 2423 810 2522 cupiditatem
827 2426 994 2500 aluntur?
1025 2429 1094 2500 Sed

109 2544 257 2620 minime
274 2546 405 2618 mirum
421 2545 485 2634 est,
512 2545 552 2616 P.
566 2546 609 2617 C.
628 2546 650 2616 fi
670 2546 793 2635 homo,
812 2546 873 2642 qui
890 2545 1028 2620 defidiae
1052 2575 1094 2621 ac

107 2663 257 2739 luxuriae
284 2666 408 2762 plenus
437 2668 488 2754 s1t,
514 2666 592 2745 haec
619 2683 657 2736 ut
685 2689 778 2737 nova
806 2684 911 2761 atque
936 2665 1094 2741 inusitata
1168 2721 1174 2739 .

108 2786 266 2861 miratur.
316 2787 414 2858 Nam
434 2786 531 2883 quod
547 2784 611 2858 ista
626 2779 785 2858 inusitata
810 2784 904 2858 rabie
934 2788 1093 2882 petulan·
1178 2777 1192 2884 J

107 2927 161 2980 ter
178 2905 215 2979 in
231 2930 397 2994 uxorem,
429 2909 462 2977 δι
496 2905 531 2977 in
551 2905 658 2978 filiam
682 2932 799 2979 meam
825 2905 987 2998 invasisti,
1014 2935 1093 3008 quae

59 3037 62 3042 '
107 3024 246 3100 facilius
262 3023 295 3096 se
313 3025 472 3098 mulieres
499 3051 520 3096 a
549 3025 630 3098 viris
647 3027 900 3116 abstinuerunt,
918 3053 1025 3125 quam
1055 3051 1094 3105 tu
1176 3077 1179 3082 ·

104 3143 199 3221 vira
217 3144 322 3230 viris;
345 3144 422 3218 satis
440 3147 544 3218 docle
559 3171 600 3219 ac
617 3147 723 3244 perite
740 3145 858 3221 fecisti.
896 3151 983 3222 Non
997 3151 1093 3225 erii'm

106 3293 167 3342 me
195 3264 337 3364 sperasti
363 3285 522 3338 mutuam
550 3266 615 3339 tibi
644 3268 791 3366 gratiam
825 3271 1028 3362 relaturum,
1057 3294 1094 3345 ut

105 3387 256 3462 viciffnn
276 3371 360 3458 xtuas
386 3387 647 3482 compellarem.
698 3389 803 3461 Unus
830 3389 924 3462 enim
952 3391 1029 3464 satis
1056 3418 1093 3466 es

105 3506 262 3583 materiae
280 3508 411 3579 habens
426 3509 434 3578 ¹:
464 3531 580 3604 neque
598 3507 791 3606 quidquam
811 3510 944 3606 turpius
962 3509 1011 3583 est
1028 3511 1092 3584 do·

106 3629 157 3704 mi
175 3648 260 3716 tuae,
293 3651 400 3724 quam
416 3645 467 3700 tu.
519 3629 681 3701 Multum
698 3611 733 3702 te
750 3655 834 3702 vero
851 3629 972 3726 opinio
990 3630 1091 3723 fallit,

106 3748 168 3848 qui
187 3745 276 3822 mihi
294 3747 419 3847 putasti
436 3773 555 3848 parare
571 3748 743 3824 invidiam
760 3775 805 3824 ex
824 3775 901 3823 mea
923 3775 959 3824 re
988 3751 1088 3827 fami-
