2668 4698
252 363 324 437 304
418 335 561 408 Ponctr
588 329 803 407 Lnrnonrs'
826 329 1105 409 Dacrnnirrro

251 505 288 578 in
305 505 366 578 illo
390 505 558 596 monstro,
590 503 833 606 calamitosas,¹
850 530 890 578 ac
926 502 1071 578 nefarias
1105 528 1229 578 omnes

251 624 415 724 persaepe,
444 624 591 723 judices,
625 624 877 699 animadverti:
901 624 1084 698 libidinem
1117 650 1229 698 unam

252 744 566 844 pemiciofiffimam
591 745 627 818 in
652 744 772 844 primis
790 743 986 842 conspicere
1015 742 1106 816 visus
1134 741 1227 832 sum,

251 865 439 940 temerariae
456 863 648 962 cujusdam,
667 887 771 963 atque
787 866 1043 943 inconfideratae
1060 863 1228 938 ambitio·

252 986 329 1060 nis:
365 1011 435 1082 qua
463 987 554 1059 duce
585 989 793 1088 properalle,
824 1013 889 1060 nec
918 987 991 1060 ullo
1020 984 1135 1058 studio
1163 1011 1229 1058 un-

252 1131 359 1204 quam
386 1105 702 1182 consciscendarum
727 1132 852 1204 opum,
886 1133 950 1180 nec
967 1106 1041 1178 ullo
1058 1105 1229 1177 desiderio
1286 1145 1288 1154 ι

252 1226 466 1325 dignitatum
490 1227 685 1301 abstinuille
709 1247 885 1324 reputatus
906 1226 967 1300 est.
1017 1227 1170 1308 Putabat
1192 1251 1229 1298 e·

251 1347 325 1420 nim
354 1346 388 1422 se
410 1344 533 1420 frustra
556 1348 763 1422 nobilissimo
781 1373 908 1446 genere
936 1368 1073 1435 natum,
1092 1326 1228 1418 'frustra

252 1466 394 1540 virtutes
412 1466 554 1540 eximias
571 1468 725 1566 corporis
742 1489 847 1564 atque
863 1467 970 1540 animi
1000 1464 1229 1540 consecutum
1321 1503 1322 1518 ι

253 1587 366 1677 mirre,
395 1587 432 1660 ni
464 1588 582 1662 omnia
598 1587 718 1676 divina
733 1609 836 1686 atque
858 1589 1023 1676 humana,
1049 1587 1228 1660 truculen-

159 1759 161 1768 ·
251 1708 388 1782 tisfimo'
406 1734 530 1807 genere
547 1708 745 1806 cupiditatis
773 1707 1043 1806 inquinaviffet:
1072 1704 1229 1806 quosque

253 1832 416 1904 cernebat
432 1831 599 1904 excellere
621 1833 747 1902 Roma
767 1827 961 1925 praestantia
978 1827 1132 1926 quadam
1148 1826 1228 1924 dig-

213 2011 214 2019 ,
253 1951 382 2040 nitatis,
413 1950 619 2024 beatiffnnos
645 1975 704 2024 eos
733 1951 813 2040 elle,
851 1953 883 2022 δι
919 1951 987 2022 fine
1015 1946 1125 2020 dubio
1150 1931 1228 2020 Diis

253 2071 519 2170 aequiparandus
543 2068 617 2144 sore
641 2070 878 2146 arbitrabatur.
987 2115 993 2138 ι
1064 2123 1068 2130 -

301 2193 439 2266 XXIII.
460 2193 503 2264 Id
517 2217 627 2290 genus
643 2189 775 2263 vesanae
791 2188 1012 2288 cogitationis
1027 2189 1228 2279 hominem,

252 2309 371 2408 suapte
390 2331 514 2384 natura
541 2309 771 2408 praecipitem,
803 2331 909 2407 atque
938 2309 1231 2386 inconfideratum

253 2429 426 2526 compulit
442 2429 477 2502 in
496 2429 746 2504 abominandas
770 2457 810 2502 ac
834 2428 976 2504 nefarias
993 2429 1072 2502 vitae
1089 2429 1231 2525 cupidi-

252 2569 350 2626 tates.
383 2548 483 2648 Isque
499 2575 609 2647 nuper
626 2549 773 2624 comitiis
790 2549 1024 2624 consularibus
1051 2551 1231 2646 (quando-

254 2673 401 2770 quidem
445 2670 603 2770 suffragia
640 2671 757 2760 curiae,
792 2690 935 2768 propter
965 2669 1231 2767 impendentem

252 2813 389 2868 metum
419 2791 571 2866 Parthici
603 2792 700 2882 belli,
736 2790 920 2890 diligenter
939 2793 1115 2864 enucleata
1132 2789 1230 2885 sunt)

255 2941 341 3012 quas
358 2939 429 2987 non
447 2913 536 2986 adiit
548 2914 753 2987 Senatorum
770 2917 887 3001 voces,
914 2932 974 2984 aut
992 2937 1080 3008 quos
1098 2911 1230 2985 civium
1321 2945 1322 3016 r

254 3033 443 3122 consessus,
455 3031 583 3130 partim
600 3031 759 3130 pecunia,
779 3032 905 3128 partim
921 3029 1228 3123 obsecrationibus,
1321 3021 1322 3072 l

252 3179 325 3228 non
341 3153 523 3225 obeundus
540 3151 754 3249 suppliciter,
789 3178 829 3225 ac
862 3151 1150 3226 contaminandus
1166 3155 1232 3226 effe
1321 3135 1322 3170 ³

248 3271 449 3372 judicavit?
483 3270 572 3346 nulli
591 3291 707 3346 tamen
724 3272 768 3344 ad
785 3271 993 3370 dignitatem
1012 3273 1152 3370 gradus,
1172 3298 1232 3345 ne·
1321 3315 1322 3342 3

254 3420 324 3493 que
352 3390 544 3482 insanienti,
574 3417 687 3489 neque
718 3391 893 3466 anhelanti
921 3395 1017 3465 bono
1047 3393 1231 3466 candidato

256 3638 301 3710 ad
318 3631 485 3730 majorem
503 3632 577 3706 vim
595 3630 760 3706 scelerum
781 3635 885 3730 paulo
898 3652 976 3706 ante
989 3632 1233 3706 concitaverat.
1321 3665 1322 3668 ¹

254 3748 414 3838 Pisonem
434 3753 637 3828 meministis
648 3753 794 3852 egregia
818 3753 946 3830 virtute
963 3753 1229 3844 adolescentem,
1321 3829 1322 3832 ,
