2662 4686
254 337 319 432 176
476 329 1074 408 ociisusiiiusm

250 508 279 546 “
296 505 376 592 effe,
387 489 561 602 'quoniam
578 504 765 602 jugurtha
780 503 918 602 copiam
935 479 1096 578 haberet:
1119 527 1227 601 quem

250 630 279 668 “
298 625 321 696 sr
340 622 512 697 Romanis
526 623 725 714 tradidisset,
744 622 831 714 fore,
864 624 916 698 uti
949 623 999 696 illi
1032 623 1227 722 plurimum

249 749 278 786 “
296 745 498 830 deberetur;
516 743 722 835 amicitiam,
736 743 867 837 foedus,
879 745 1060 854 Numidiae
1077 765 1226 842 partem,
1318 813 1319 848 ἶ

248 870 278 908 “
295 891 403 962 quam
426 890 518 938 nunc
545 885 689 962 peteret,
712 866 804 938 ultro
828 866 1093 938 adventuram.''
1144 869 1227 939 Rex
1318 859 1319 902 ³

250 985 365 1082 primo
379 985 551 1083 negitare:
573 993 599 1027 “
613 985 842 1076 adfinitatem,
861 986 1122 1085 cognationem,
1137 1011 1227 1082 prae·
1318 1017 1319 1060 r

251 1113 281 1151 “
300 1127 391 1180 terea
415 1105 532 1180 foedus
559 1105 779 1182 intervenisse
795 1134 804 1180 ε
834 1107 880 1180 ad
897 1109 966 1180 hoc
989 1127 1157 1200 metuere,
1185 1130 1230 1182 no.
1318 1129 1319 1192 r

251 1233 279 1272 “
294 1230 395 1301 fluxa
411 1228 481 1300 fide
496 1224 588 1316 usus,
612 1227 843 1324 ,popularium
869 1227 1003 1300 animos
1030 1245 1226 1311 avorteret3
1318 1233 1319 1266 ³

251 1355 279 1391 “
295 1347 373 1444 quis
392 1352 425 1419 δι
444 1349 619 1446 Jugurtha
630 1373 743 1436 carus,
764 1349 797 1420 δι
815 1347 970 1422 Romani
982 1347 1079 1426 invisi
1094 1347 1228 1420 erant.”
1318 1363 1319 1448 ᾗ

249 1467 414 1564 Denique
430 1466 550 1564 saepius
568 1465 745 1566 fatigatus,
772 1468 893 1540 leniter
924 1474 958 1540 δι
987 1493 1032 1540 ex
1049 1468 1231 1546 voluntate,

249 1590 353 1662 Sullae
378 1588 499 1662 omnia
520 1585 552 1662 se
574 1587 747 1662 facturum
762 1588 944 1685 promittit.
994 1590 1162 1662 Ceterum
1186 1589 1229 1663 ad

250 1709 481 1782 fimulandam
499 1735 636 1805 pacem,
656 1708 751 1808 cujus
769 1709 942 1799 Numida,
959 1707 1106 1782 defessus
1119 1712 1227 1800 bello,
1318 1717 1319 1728 ’

248 1828 486 1919 avidiffumus,
516 1856 594 1926 quae
625 1829 722 1904 utilia
759 1826 843 1920 visa,
875 1829 1100 1908 constituunt.
1162 1835 1228 1924 lta,

202 1958 204 1962 '
250 1953 442 2047 compofito
466 1950 565 2040 dolo,
591 1950 846 2051 digrediuntur.

300 2071 414 2142 CXII.
453 2073 513 2142 Ar
540 2096 603 2144 rex
631 2071 769 2168 postero
798 2073 855 2144 die
883 2072 1067 2170 Asparem,
1096 2075 1229 2174 Jugur-
1318 2063 1319 2070 ἵ

250 2192 319 2274 thae
354 2191 510 2287 legatum
538 2191 712 2288 adpellat:
751 2191 854 2265 “fibi
888 2219 948 2290 per
977 2197 1156 2267 Dabarem
1186 2221 1229 2269 ex

162 2401 165 2408 Δ
254 2311 396 2384 “Sulla
434 2309 631 2408 cognitum,
666 2313 759 2410 poffe
803 2312 1062 2388 conditionibus
1096 2316 1230 2390 bellum

167 2529 171 2538 1
253 2433 282 2472 “
301 2429 409 2527 poni:
443 2433 674 2528 quamobrem
696 2431 785 2530 regis
811 2430 861 2505 sui
883 2430 1087 2509 sententiam
1104 2437 1229 2535 exqui-

251 2672 392 2746 Deinde
408 2675 453 2747 ab
470 2672 532 2746 illo
550 2675 674 2747 cuncta
701 2675 860 2764 edoctus,
890 2696 1071 2772 properato
1095 2677 1229 2768 itinere,

251 2793 331 2890 post
348 2794 443 2868 diem
460 2795 626 2868 octavum
644 2793 733 2868 redit
755 2795 800 2866 ad
822 2797 1016 2891 Bocchum,
1037 2801 1071 2870 δε
1088 2798 1120 2872 ei
1139 2826 1230 2873 nun-

253 2556 281 2593 “
299 2552 422 2625 reret.”
471 2553 536 2625 Ille
563 2551 702 2625 laetus
693 2579 729 2624 m
758 2552 867 2626 castra
896 2556 1081 2652 Jugurthae
1122 2557 1229 2631 venit.

251 2913 334 3003 ciat,
371 2923 399 2960 “
418 2917 632 3014 Jugurtham
664 2941 791 3012 cupere
818 2916 950 3008 omnia,
974 2945 1054 3016 quae
1078 2917 1231 3017 impera·
1318 2921 1319 2960 ³

252 3040 281 3077 “
301 3054 434 3125 rentur,
465 3034 599 3122 facere3
626 3035 683 3109 scd
716 3037 837 3110 Mario
871 3065 995 3136 parum
1025 3040 1204 3114 confidere
1215 3068 1228 3113 r:
1318 3071 1319 3130 j

252 3160 281 3196 “
300 3151 389 3249 saepe
406 3154 506 3226 antea
523 3181 605 3228 curn
624 3155 892 3253 imperatoribus
915 3159 1086 3233 Romanis
1104 3187 1230 3259 pacem
1318 3155 1319 3240 J

252 3282 280 3318 “
300 3293 512 3348 conventam
535 3273 655 3347 frustra
674 3275 783 3350 fuiffe.
833 3281 997 3353 Ceterum
1015 3284 1038 3354 fi
1056 3283 1230 3355 ambobus

252 3405 281 3446 “
299 3393 494 3472 consultum
508 3399 541 3467 &
560 3414 670 3468 ratam
685 3423 809 3493 pacem
825 3401 942 3491 vellet,
955 3403 1056 3474 ‘daret
1071 3428 1229 3498 operam,
1318 3457 1319 3482 ÷

252 3524 280 3560 “
299 3538 337 3590 ut
353 3541 423 3590 una
436 3517 481 3588 ab
497 3515 675 3604 omnibus,
691 3521 785 3614 quafi
805 3520 850 3591 de
874 3546 974 3616 pace,
996 3521 1038 3593 in‘
1058 3524 1230 3622 colloqui·
1318 3565 1319 3590 ÷

252 3643 279 3692 “
295 3663 358 3710 um
371 3635 567 3723 veniretur3
592 3635 712 3733 ibique
729 3638 789 3711 fibi
806 3640 938 3713 Sullam
951 3643 1110 3716 traderet.
1137 3645 1230 3717 Cum
1318 3661 1319 3742 ξ

253 3763 280 3816 “
299 3757 404 3840 talem
429 3755 546 3840 virum
576 3755 612 3830 in
634 3757 834 3855 potestatem
872 3761 1027 3853 haberet,
1061 3762 1152 3856 fore,
1179 3764 1231 3848 uti
