2662 4686
229 313 295 410 136
442 307 1029 386 C.Cn1srrsnarusrrr

224 483 398 586 incipitur.
448 491 529 586 Qra
552 485 590 558 in
613 503 709 584 parte
724 511 785 560 rex
802 484 927 576 adfuit,
962 485 1012 559 ibi
1030 484 1203 584 aliquam-

224 607 287 682 diu
304 626 496 682 certatum:
528 605 633 680 ceteri
651 631 772 682 omnes
802 605 894 705 [ejus
912 605 1059 705 milites]
1087 605 1207 703 primo

223 729 389 804 concursu
411 731 496 827 puls1
521 726 712 826 fugatique.
773 728 927 802 Romani
954 731 1134 827 fignorum
1167 733 1201 802 δι

223 877 402 926 armorum
435 849 613 946 aliquanto
641 873 802 938 numero,
833 848 982 922 hostiurn
1009 873 1204 946 paucorum

222 971 337 1074 potiti.
387 972 483 1044 Nam
500 967 610 1044 ferme
637 970 812 1044 Numidas
836 969 873 1050 iu
897 968 1059 1044 omnibus
1077 969 1202 1067 praeliis

224 1093 329 1190 pedes
346 1089 471 1188 magis,
499 1115 606 1188 quam
623 1111 808 1164 armatura
824 1089 912 1166 sunt.

271 1215 414 1286 LXXV
417 1201 434 1283 .’
466 1215 526 1286 EA
554 1209 638 1310 fuga
667 1214 844 1312 Jugurtha
872 1211 1057 1309 impenfius
1092 1213 1201 1286 modo

181 1359 183 1366 ’
222 1335 323 1408 rebus
341 1331 408 1406 suis
423 1333 584 1407 diffidens
601 1359 684 1406 cum
707 1329 860 1432 perfugis
885 1336 919 1406 δε
946 1351 1041 1430 parte
1068 1332 1200 1430 equita·

102 1537 103 1545 ἵ
221 1473 276 1526 tus
304 1453 340 1526 in
363 1451 576 1542 solitudines,
605 1454 686 1528 dein
705 1455 858 1528 Thalam
880 1452 1049 1551 pervenit,
1072 1452 1109 1526 in
1136 1479 1200 1551 op·

223 1575 346 1671 pidum
369 1601 541 1674 magnum
562 1580 596 1648 &
619 1577 839 1673 opulentum,
859 1573 921 1648 ubi
945 1573 1102 1672 plerique
1124 1576 1200 1648 the·

220 1693 323 1786 sauri,
359 1695 586 1794 filiorumque
626 1694 697 1794 ejus
736 1697 867 1799 multus
900 1693 1052 1792 pueritiae
1087 1696 1201 1770 cultus

221 1836 303 1891 erat.
353 1821 445 1915 Qae
469 1817 654 1914 postquam
677 1818 827 1890 Metello
845 1833 1038 1914 comperta,
1074 1841 1200 1912 quam.

155 2010 158 2016 .
223 1965 331 2036 quam
348 1937 434 2010 inter
449 1939 602 2012 Thalam
620 1940 825 2036 flumenque
850 1936 1064 2034 proximu-m,
1091 1934 1203 2030 spatio

222 2057 374 2132 millium
393 2057 662 2157 quinquaginta,
681 2060 758 2131 loca
774 2059 870 2133 arida
885 2077 990 2154 atque
1018 2054 1110 2160 rasta
1134 2055 1203 2128 else

145 2179 146 2182 ’
221 2191 460 2276 cognoverat3
490 2199 608 2252 tamen
636 2177 696 2274 spe
726 2177 885 2274 patrandi
920 2177 1014 2267 belli,
1057 2175 1101 2275 [fi
1130 2172 1202 2273 ejus

221 2297 343 2395 oppidi
358 2296 485 2394 potitus
497 2296 607 2397 soret]
624 2296 739 2370 omnis
753 2296 944 2395 asperitates
957 2295 1200 2394 supervadere,

221 2442 263 2492 at:
280 2437 442 2498 naturam
460 2419 564 2492 etiam
581 2419 721 2492 vincere
737 2417 950 2516 adgreditur.
999 2415 1112 2514 Igitur
1123 2444 1200 2493 om-

220 2539 278 2614 nia
307 2537 471 2638 jumenta·
489 2538 628 2615 sarcinis
656 2539 762 2614 levari
785 2537 901 2639 jubet,
928 2537 989 2614 nis1
1023 2537 1199 2616 frumento
1248 2543 1252 2550 “

167 2667 172 2684 ‘
221 2660 373 2736 dierum·
396 2662 542 2736 decern:
579 2681 732 2754 ceterum
771 2665 867 2735 ‘utres
905 2658 1027 2750 modo,
1063 2665 1097 2734 δι
1133 2661 1220 2736 alia*

171 2849 177 2868 ,
218 2805 320 2883 aqua
339 2783 464 2858 idonea
481 2784 619 2882 portari.
656 2785 827 2859 Praeterea
842 2781 1015 2880 conquirit
1031 2806 1076 2854 ex
1093 2781 1198 2880 agris,
1321 2813 1322 2820 ¹

159 2992 165 3004 „
222 2931 329 3002 quam
361 2905 550 3002 plurimum
581 2903 705 3002 potest,
736 2903 860 2978 domiti
888 2901 1048 3001 pecoris3
1085 2928 1200 3000 eoque

222 3006 375 3119 imponit
408 3023 487 3097 vasa
518 3023 681 3123 cujusque
726 3025 838 3116 modi,
875 3026 1041 3123 pleraque
1070 3023 1199 3121 lignea,

222 3145 369 3236 colleda
397 3169 442 3217 ex
468 3146 616 3243 tuguriis
636 3146 885 3220 Nmnidarum.
946 3145 1006 3219 Ad
1028 3143 1097 3218 hoc
1119 3144 1197 3218 fini-

221 3265 328 3339 tumis
356 3264 516 3362 imperat,
543 3265 658 3364 quise
685 3267 759 3364 post
782 3264 872 3363 regis
895 3265 1018 3364 sugam
1047 3265 1198 3338 Metello
1321 3285 1322 3366 J

222 3389 401 3492 dederant,
431 3411 538 3482 quam
565 3385 759 3484 plurimum
782 3384 926 3484 quisque
954 3412 1054 3484 aquae
1083 3405 1198 3492 porta-
1321 3441 1322 3502 3

221 3527 311 3598 rent,
335 3506 429 3580 diem
453 3508 657 3606 locumque,
683 3513 711 3570 ‘4
724 3506 787 3581 ubi
815 3506 940 3603 praesto
961 3505 1088 3582 suerint
1112 3531 1200 3603 prae·
1321 3555 1322 3592 ,

223 3635 250 3675 “
268 3627 388 3700 dicit.'’
437 3627 513 3725 lpse
531 3655 576 3702 ex
593 3625 753 3716 flumine,
774 3653 882 3723 quarn
900 3652 1114 3724 proxumam
1132 3652 1197 3724 op-

222 3747 308 3852 pido
327 3747 577 3848 aquam'supra
594 3746 762 3839 diximus,
781 3746 943 3846 jumenta
959 3767 1088 3840 onerat.
1142 3749 1197 3846 Eq
