2668 4698
303 503 557 594 ponorr
614 449 976 594 Lirnonrs

240 747 290 865 D
328 749 448 844 EC
489 749 532 844 L
575 747 621 844 A
665 748 721 845 Μ
771 754 815 842 Α
858 747 907 842 T
950 747 973 842 I
1023 751 1068 842 0

499 959 769 1076 C,ONTRA

85 1274 89 1278 Ι
142 1119 1132 1306 Lucrumsunururuocnrrurnnm'.

144 1406 213 1557 S1
240 1503 341 1572 eoru
369 1478 528 1584 precibus
544 1486 639 1583 apud
656 1487 754 1560 Deos
781 1483 1010 1576 immortales,
1037 1481 1134 1560 sanc·

142 1602 259 1676 tiffinri
283 1603 441 1699 Judices,
467 1605 650 1682 vobiscum
676 1607 867 1705 aliquando
893 1605 1132 1696 voluiffemus,

134 1720 352 1821 jamdudum
380 1731 414 1801 δι
444 1727 636 1825 potiremur
664 1732 757 1825 Rep.
792 1726 907 1800 nostra
937 1725 1155 1816 florentiffi2

142 1870 217 1935 nra,
260 1849 294 1918 ὃτ
323 1839 418 1922 cives
444 1847 581 1923 nostros
613 1850 821 1923 haberemus
849 1865 927 1920 turn
962 1843 1134 1920 studiosos
1188 1873 1211 1954 J

142 1992 260 2060 rerum
294 1969 540 2065 gerendarum,
567 1989 644 2042 turn
673 1967 792 2066 patriae
810 1969 925 2058 simul,
949 1969 992 2042 'ac
1021 1965 1133 2040 virtu·

127 2087 192 2161 'tis
217 2087 491 2162 amantiffimos:
519 2088 628 2188 idque
649 2073 819 2188 temporis
855 2087 986 2162 eximia
1015 2087 1134 2164 laetitia

143 2205 347 2301 frueremur,
374 2237 459 2284 cum
496 2209 646 2284 rationes
685 2237 807 2286 omnes
834 2209 975 2284 dicendi
1002 2211 1133 2292 nostras
1231 2192 1234 2198 ¹

142 2328 182 2403 in
208 2330 349 2406 laudem
376 2331 609 2422 summorum,
636 2351 742 2431 atque
766 2331 982 2431 optimorum
999 2329 1133 2406 civium

142 2450 397 2526 consumendas
442 2454 509 2526 effe
538 2452 747 2528 videremus.
809 2452 911 2528 Nihil
942 2453 1037 2527 enirn
1065 2453 1132 2527 sta·

141 2573 274 2647 tuimus
299 2573 418 2647 animo
443 2572 599 2674 dignius,
638 2599 703 2648 nec
727 2573 909 2648 autoritate
942 2572 1132 2672 majorum,

141 2719 208 2768 nec
225 2693 394 2793 opinione
422 2693 600 2793 populari,
628 2719 736 2790 quarn
759 2694 799 2768 in
824 2717 868 2767 eo
900 2717 1028 2791 genere
1055 2716 1133 2767 ver·-

140 2815 204 2890 sari
249 2815 390 2891 forensis
423 2814 690 2904 exercitationis,
730 2841 809 2913 quae
847 2839 971 2890 canere
1011 2814 1132 2888 laudes

141 2935 299 3036 egregias
323 2934 545 3011 summorum
572 2935 758 3010 hominurn
777 2936 901 3033 posset,
928 2954 1035 3034 atque
1057 2934 1132 3008 ani·

141 3081 221 3132 mos
244 3057 462 3132 inflammare
486 3057 609 3130 nostrae
641 3055 789 3130 civitatis
813 3058 859 3132 ad
878 3055 1104 3130 imitandum.

187 3181 235 3252 ΙΙ.
252 3181 386 3252 Verum
413 3198 465 3252 ea'·
486 3178 627 3252 dicendi
647 3179 809 3277 voluptas
844 3177 932 3255 olins
954 3175 1129 3287 sapientis·
1167 3248 1171 3260 ,

140 3305 228 3377 fimo
259 3301 335 3374 viro
376 3304 434 3374 M.
460 3299 585 3374 Catoni
620 3301 723 3397 plane
758 3296 961 3400 contigerit,
993 3325 1133 3374 necnon

142 3427 177 3497 &
202 3421 342 3511 Galbae,
374 3419 542 3518 Scipioni,
574 3421 758 3511 Gracchis,
789 3419 963 3510 Porcinae,
995 3421 1129 3511 Crasso,

140 3563 247 3642 atque
291 3541 451 3642 Antonio
483 3540 626 3616 summis
659 3563 765 3640 atque
791 3541 1011 3616 omatiffimis
1055 3565 1131 3615 ora-

140 3665 289 3755 toribus,
337 3689 489 3762 quorum
520 3643 689 3761 iempora
729 3661 892 3760 fingulari
933 3660 1132 3759 praestantia

60 3824 65 3842 ν
143 3784 295 3878 virtutis,
321 3799 366 3860 sc
389 3784 503 3860 studio
533 3809 623 3883 pene
651 3781 848 3860 incredibili
878 3781 1130 3880 pulcherrirna·
