2662 4686
594 183 599 214 l

385 317 731 410 Juounrnm
1030 343 1093 396 rm

108 508 189 564 tuta
217 487 401 563 munitum
435 510 532 563 erat:
561 487 692 564 nullius
726 489 862 564 idoneae
895 490 944 563 rei
977 517 1098 592 egens,

107 610 214 684 armis
234 607 388 711 virisque
404 612 625 708 opulentum.
676 611 788 710 Igitur
818 613 1002 704 Metellus,
1038 641 1101 711 pro

108 751 275 830 tempore
291 751 397 830 atque
420 734 500 805 loco
517 732 640 830 paratis
658 707 776 838 relius,
807 735 933 806 cuneta
964 735 1100 808 moenia

109 853 269 927 exercitu
287 851 529 927 circumuenit.
580 853 725 952 Legatis
743 852 903 950 imperat,
927 854 990 928 ubi
1008 854 1100 952 quis-

109 999 180 1073 que
210 993 373 1049 curaret:
407 973 550 1063 deinde,
582 977 680 1071 siguo
698 974 795 1062 dat0,
823 974 982 1074 undique
1000 978 1100 1050 snnul

108 1095 246 1169 clamor
262 1094 387 1192 ingens
406 1093 524 1167 oritur.
562 1096 692 1190 Neque
709 1121 748 1166 ea
765 1121 817 1167 res
835 1096 1013 1170 Numidas
1029 1116 1098 1170 ter,

106 1237 183 1304 ret3
218 1213 340 1288 infensi
357 1214 553 1313 intentique
571 1219 639 1288 fine
656 1217 809 1306 tumultu
826 1239 988 1291 manent:
1009 1246 1098 1317 prae„

107 1337 199 1410 lium
229 1335 407 1433 incipitur.
459 1336 629 1428 Romani,
665 1363 729 1433 pro
761 1336 904 1435 ingenio
938 1339 1097 1439 quisque,

12 1451 13 1458 ἵ
109 1485 188 1555 pars
210 1457 347 1530 eminus
367 1457 509 1554 glande,
536 1477 596 1530 aut
620 1457 796 1554 lapidibus
826 1485 1005 1556 pugnare;
1040 1462 1098 1536 alii

108 1578 308 1667 succedere,
337 1603 377 1650 ac
394 1603 537 1650 murum
553 1577 662 1650 modo
680 1576 877 1668 subfodere,
898 1582 1012 1670 modo
1024 1580 1097 1656 sca-

107 1699 150 1774 lis
167 1699 340 1798 adgredi:
377 1723 503 1794 cupere
521 1697 678 1795 praelium
713 1697 749 1770 in
784 1699 944 1772 manibus
973 1699 1095 1777 facere.

108 1822 246 1895 Contra
272 1845 312 1894 ea
340 1818 508 1916 oppidani
538 1819 574 1891 in
608 1843 800 1916 proxumos
826 1818 905 1892 saxa
931 1821 1095 1909 volvere;
1134 1915 1135 1920 ἵ

106 1941 226 2032 sudes,
246 1941 330 2038 pila,
350 1960 516 2037 praeterea
533 1938 648 2036 picem
665 1937 826 2035 sulphure
845 1944 878 2012 δι
895 1943 987 2014 taeda
1003 1942 1096 2016 mix-

107 2083 187 2137 tam
206 2061 360 2136 ardentia
376 2060 523 2136 mittere.
574 2061 643 2134 Sed
670 2085 735 2132 nec
753 2059 846 2152 illos,
877 2061 938 2159 qui
971 2066 1096 2162 procul

107 2180 318 2273 manserant,
348 2181 453 2256 timor
482 2180 590 2256 animi
619 2179 696 2256 satis
723 2180 930 2262 muniverat.
999 2189 1096 2260 Nam

109 2298 295 2405 plerosque
317 2301 435 2404 jacula
460 2300 655 2392 tormentis,
683 2321 741 2376 aut
758 2329 865 2380 manu
882 2304 1000 2380 emilia
1016 2309 1094 2380 vol-

39 2505 44 2513 ,
109 2429 306 2502 nerabant:
344 2424 486 2523 parique
519 2423 689 2522 periculo,
733 2421 793 2500 led
819 2423 914 2501 fama
952 2426 1093 2526 impari,

107 2547 197 2622 boni
223 2568 329 2644 atque
354 2545 474 2645 ignavi
499 2565 606 2620 erant.
697 2551 700 2560 “

77 2761 81 2772 ⁸
158 2669 295 2744 LVIII.
320 2669 419 2742 Dum
438 2668 532 2766 apud
550 2669 700 2742 Zamam
714 2670 758 2740 fic
775 2685 937 2756 certatur,
962 2671 1094 2766 jugur-

110 2792 172 2863 tha
187 2815 233 2862 ex
250 2787 442 2886 improviso
459 2788 564 2862 castra
581 2786 733 2860 hostium
751 2811 833 2860 cum
847 2813 976 2884 magna
987 2814 1096 2862 manu

111 2910 272 2983 invadit:
304 2907 461 3000 remiffis,
481 2907 594 3006 quiin
614 2906 770 3005 praesrdio
785 2925 893 2996 erant,
924 2909 1096 3002 &omnia

112 3031 240 3130 magiS,
259 3056 367 3128 quam
386 3029 546 3126 praelium
573 3025 861 3126 exspeslantibus,
892 3049 1028 3125 portam
1050 3032 1095 3104 ir÷

112 3151 258 3248 rumpit.
310 3155 361 3224 At
390 3149 506 3238 nostri,
529 3148 709 3245 repentino
735 3168 832 3224 metu
849 3153 1005 3247 perculfi,
1034 3155 1096 3227 fibi
1180 3194 1182 3200 .
1280 3209 1283 3216 ⁴

114 3272 260 3371 quisque
286 3298 349 3368 pro
371 3269 528 3344 moribus
540 3267 746 3344 consulunt:
777 3269 835 3342 alii
865 3269 1002 3371 fugere,
1037 3273 1095 3345 alii

114 3417 209 3476 arma
226 3417 376 3490 capere:
409 3417 539 3489 magna
569 3417 646 3488 pars
680 3391 869 3482 volnerati,
897 3413 956 3466 aut
979 3391 1095 3465 occifi.

116 3513 279 3588 Ceterum
304 3538 349 3588 ex
377 3511 476 3585 omni
498 3490 721 3586 multitudine
743 3539 815 3586 non
837 3513 986 3611 amplius
1009 3537 1094 3609 quaa

115 3634 288 3733 draginta,
307 3657 481 3706 memores
500 3615 652 3706 nominis
670 3633 841 3722 Romani,
861 3657 968 3731 grege
985 3629 1093 3725 fauo,
1176 3673 1178 3682 s

112 3755 234 3854 locum
252 3778 392 3852 cepere,
411 3754 543 3853 paullo,
562 3753 748 3861 quamalii,
763 3744 963 3840 editiorem3
982 3781 1098 3864 nequo
