2668 4698
141 411 311 485 Concita
330 413 499 486 Lucruru
518 414 699 486 saltumn
718 399 972 491 Carrcrunu.
1024 441 1093 515 309

116 585 154 657 in
186 610 293 660 manu
322 607 393 660 non
425 581 591 685 exiguam
621 587 791 663 rationem
814 588 911 664 fuisse
941 591 1093 666 diximus

116 706 311 779 excitandae
341 703 593 804 conjurationis.
657 711 830 783 Lentulus
854 709 1023 808 siquidem
1059 719 1093 789 tlt

116 828 293 924 Cethegus
315 826 480 900 terribilia
507 847 667 923 portenta
694 831 816 903 nostrae
846 829 1007 922 civitatis,
1039 829 1094 905 su·
1142 849 1147 856 “

117 947 248 1044 riaeque
264 949 322 1018 vel
338 946 528 1020 certiffimae
542 947 670 1045 Populi
684 952 793 1022 Rom.
807 952 916 1022 multa
932 952 977 1022 de
993 977 1093 1050 mag·

118 1066 277 1139 nitudine
307 1066 366 1140 sua
383 1067 418 1139 in
437 1067 514 1164 ipfis
531 1068 770 1158 concionibus,
803 1071 914 1144 multa
941 1071 986 1143 de
1015 1072 1102 1171 dig-t

118 1187 225 1260 nitate
242 1187 376 1284 imperii
394 1186 442 1260 sui
463 1186 570 1261 futuri
600 1189 714 1283 palam
738 1189 924 1285 praedicare
951 1191 1094 1264 consue-

118 1327 258 1399 verunt,
285 1329 452 1408 tanquam
485 1312 508 1381 sr
536 1311 696 1382 Deorum
723 1307 977 1384 immortalium
1010 1313 1099 1385 con-⁴

118 1429 198 1504 cilio
224 1429 463 1504 interfuissent.
1086 1411 1088 1414 ¹

168 1553 340 1625 XXVIII.
365 1551 525 1624 Primum
542 1552 715 1626 Lentulus
733 1553 768 1625 in
787 1549 880 1627 libris
902 1554 1092 1652 Sibyllinis,

119 1671 233 1747 nescio
251 1671 336 1770 quid
369 1671 401 1744 se
431 1671 635 1769 perspexisse
654 1673 878 1769 praedicabat,
908 1677 1005 1770 quod
1032 1676 1096 1748 viri

120 1793 300 1866 acutisfimi
317 1813 422 1890 atque
438 1793 626 1890 peritiffimi
659 1795 704 1865 L.
733 1793 930 1884 Cornelius,
959 1821 999 1867 ac
1029 1798 1096 1868 Cn.

119 1912 197 1986 Piso
215 1915 372 1987 custodes
397 1914 617 2012 publicarum
650 1914 938 2004 ceremoniarum,
965 1941 1096 2012 nequa·

121 2061 231 2132 quarn
249 2035 440 2132 prospicere
457 2051 655 2136 potuerunt.
705 2037 843 2108 Lucem
873 2061 1027 2132 namque
1051 2035 1098 2107 ait

119 2154 236 2228 nescio
260 2179 366 2253 quam
384 2158 429 2230 de
446 2158 556 2228 domo
572 2155 735 2229 Cornelia
768 2157 947 2253 quondam
982 2155 1098 2252 prodi-

120 2277 237 2350 turam
266 2277 350 2364 sore,
385 2303 463 2376 quae
493 2277 601 2376 gloria
630 2275 780 2349 nominis
808 2274 857 2349 sui
890 2279 1097 2350 Romanum

120 2398 312 2495 Imperium
330 2400 430 2470 simul
449 2404 481 2470 ἃ
501 2399 729 2495 complexura
746 2401 797 2486 srt,
827 2401 860 2469 ἃ
878 2395 1095 2469 illustratura:

120 2545 233 2617 eoque
251 2543 376 2618 genere
393 2517 561 2608 vaticinii,
579 2517 786 2616 dignitatem
814 2516 911 2589 suam
935 2515 1098 2613 portendi

119 2637 264 2713 fataliter
281 2638 414 2739 putavit
434 2667 442 2710 :
479 2641 650 2736 planeque
668 2638 829 2735 opinatur
843 2635 905 2708 sati
922 2634 971 2707 sui
995 2635 1098 2707 ratio-

120 2787 203 2834 nem
231 2760 268 2832 in
300 2753 370 2857 ipsa
388 2761 517 2834 latebra
550 2758 725 2856 sibyllina
758 2754 993 2844 divinationis,
1019 2755 1118 2826 tan-'

121 2907 227 2979 quam
245 2880 280 2953 in
299 2905 391 2978 equo
408 2879 577 2978 Trojan0,
592 2876 860 2952 delitescentem.
913 2877 1001 2973 Ego·
1013 2899 1099 2948 vero

119 3001 290 3096 Sibyllam
308 3004 376 3073 fine
391 3001 501 3074 dubio
512 2996 791 3097 sapientissimam
804 2995 987 3070 mulierem
1000 2992 1099 3069 fuiffe
1176 2989 1181 3012 ¹

114 3117 254 3219 judico,
273 3119 452 3218 visamque
468 3121 631 3194 idoneam
648 3118 725 3192 Diis
742 3118 1011 3207 immortalibus,
1042 3115 1099 3190 cui

121 3245 329 3342 singularem
355 3243 533 3340 quandam
550 3241 625 3316 vim
641 3237 823 3313 divinandi
841 3240 1097 3312 concederent:

118 3388 242 3436 verum
269 3362 365 3435 illam
394 3361 537 3434 deliram
562 3361 711 3458 penitus,
739 3383 778 3432 ac
808 3357 943 3457 prorsus
970 3380 1101 3429 caecam

120 3481 220 3557 suiffe
238 3484 462 3569 affirmarem,
487 3486 510 3554 fi
537 3507 642 3579 quam
658 3480 754 3577 spem
771 3476 948 3576 dignitatis
971 3475 1005 3547 in
1034 3477 1100 3547 hac

96 3620 100 3632 '
121 3602 353 3679 crudelissima
371 3601 465 3699 peste
481 3602 688 3699 reposuisset.
718 3623 723 3640 ¹
739 3599 773 3672 Si
798 3597 885 3694 quid
903 3614 1027 3668 tamen
1043 3619 1099 3667 ce-

120 3724 238 3798 cinisse
261 3721 331 3796 visa
348 3723 407 3813 est,
442 3723 538 3820 quod
554 3723 599 3795 ad
617 3717 817 3794 Corneliam
837 3736 976 3815 gentem
996 3713 1110 3812 perti-1

120 3853 201 3920 nere
219 3845 406 3936 videretur,
433 3844 506 3920 vim
520 3849 667 3936 ¹omnem
696 3837 786 3912 illius
814 3835 1038 3926 divinationis
1064 3834 1100 3907 in

552 3962 645 4070 Xa
