<?xml version="1.0" encoding="UTF-8"?>
<!DOCTYPE html PUBLIC "-//W3C//DTD XHTML 1.0 Transitional//EN"
    "http://www.w3.org/TR/xhtml1/DTD/xhtml1-transitional.dtd">
<html xmlns="http://www.w3.org/1999/xhtml" xml:lang="en" lang="en">
 <head>
  <title>
</title>
<meta http-equiv="Content-Type" content="text/html;charset=utf-8" />
  <meta name='ocr-system' content='tesseract 3.04.00' />
  <meta name='ocr-capabilities' content='ocr_page ocr_carea ocr_par ocr_line ocrx_word'/>
</head>
<body>
  <div class='ocr_page' id='page_1' title='image "./caiicrispisallu00sallgoog_0062.png"; bbox 0 0 2672 4682; ppageno 0'>
   <div class='ocr_carea' id='block_1_1' title="bbox 223 325 1005 430">
    <p class='ocr_par' dir='ltr' id='par_1_1' title="bbox 223 325 1005 430">
     <span class='ocr_line' id='line_1_1' title="bbox 223 325 1005 430; baseline -0.004 -27"><span class='ocrx_word' id='word_1_1' title='bbox 223 351 271 430; x_wconf 80' lang='lat'>54</span> <span class='ocrx_word' id='word_1_2' title='bbox 416 329 460 402; x_wconf 89' lang='lat' dir='ltr'>C.</span> <span class='ocrx_word' id='word_1_3' title='bbox 494 327 680 402; x_wconf 76' lang='lat' dir='ltr'>Crrr‘srr</span> <span class='ocrx_word' id='word_1_4' title='bbox 712 325 1005 400; x_wconf 74' lang='lat' dir='ltr'>Snnsussrr</span> 
     </span>
    </p>
   </div>
   <div class='ocr_carea' id='block_1_2' title="bbox 149 485 1323 3840">
    <p class='ocr_par' dir='ltr' id='par_1_2' title="bbox 149 485 1225 2759">
     <span class='ocr_line' id='line_1_2' title="bbox 271 485 1201 590; baseline -0.006 -14"><span class='ocrx_word' id='word_1_5' title='bbox 271 501 351 576; x_wconf 89' lang='lat' dir='ltr'>LV.</span> <span class='ocrx_word' id='word_1_6' title='bbox 375 501 610 590; x_wconf 68' lang='lat' dir='ltr'>Posrwnn‚</span> <span class='ocrx_word' id='word_1_7' title='bbox 638 517 678 572; x_wconf 90' lang='lat' dir='ltr'>ut</span> <span class='ocrx_word' id='word_1_8' title='bbox 702 497 793 588; x_wconf 83' lang='lat' dir='ltr'>dixi,</span> <span class='ocrx_word' id='word_1_9' title='bbox 823 500 965 572; x_wconf 90' lang='lat' dir='ltr'>Senatus</span> <span class='ocrx_word' id='word_1_10' title='bbox 994 496 1030 570; x_wconf 89' lang='lat' dir='ltr'>in</span> <span class='ocrx_word' id='word_1_11' title='bbox 1052 485 1201 571; x_wconf 80' lang='lat' dir='ltr'>Catonis</span> 
     </span>
     <span class='ocr_line' id='line_1_3' title="bbox 223 613 1225 716; baseline -0.009 -19"><span class='ocrx_word' id='word_1_12' title='bbox 223 620 424 698; x_wconf 82' lang='lat' dir='ltr'>sententiam</span> <span class='ocrx_word' id='word_1_13' title='bbox 447 619 602 708; x_wconf 77' lang='lat' dir='ltr'>discent,</span> <span class='ocrx_word' id='word_1_14' title='bbox 620 617 750 692; x_wconf 90' lang='lat' dir='ltr'>Consul</span> <span class='ocrx_word' id='word_1_15' title='bbox 770 613 958 716; x_wconf 79' lang='lat' dir='ltr'>optumum</span> <span class='ocrx_word' id='word_1_16' title='bbox 982 615 1114 692; x_wconf 71' lang='lat' dir='ltr'>sadum</span> <span class='ocrx_word' id='word_1_17' title='bbox 1141 639 1225 692; x_wconf 89' lang='lat' dir='ltr'>ra-·</span> 
     </span>
     <span class='ocr_line' id='line_1_4' title="bbox 223 735 1205 836; baseline -0.006 -20"><span class='ocrx_word' id='word_1_18' title='bbox 223 763 293 834; x_wconf 88' lang='lat' dir='ltr'>tus,</span> <span class='ocrx_word' id='word_1_19' title='bbox 313 743 465 830; x_wconf 75' lang='lat' dir='ltr'>nosiem,</span> <span class='ocrx_word' id='word_1_20' title='bbox 480 764 557 836; x_wconf 86' lang='lat' dir='ltr'>quae</span> <span class='ocrx_word' id='word_1_21' title='bbox 575 735 734 828; x_wconf 87' lang='lat' dir='ltr'>instabat,</span> <span class='ocrx_word' id='word_1_22' title='bbox 760 756 974 834; x_wconf 83' lang='lat' dir='ltr'>antecapere,</span> <span class='ocrx_word' id='word_1_23' title='bbox 993 761 1037 810; x_wconf 89' lang='lat' dir='ltr'>ne</span> <span class='ocrx_word' id='word_1_24' title='bbox 1053 737 1139 834; x_wconf 92' lang='lat' dir='ltr'>quid</span> <span class='ocrx_word' id='word_1_25' title='bbox 1155 761 1205 810; x_wconf 90' lang='lat' dir='ltr'>eo</span> 
     </span>
     <span class='ocr_line' id='line_1_5' title="bbox 223 854 1205 962; baseline -0.007 -25"><span class='ocrx_word' id='word_1_26' title='bbox 223 861 334 962; x_wconf 88' lang='lat' dir='ltr'>spatio</span> <span class='ocrx_word' id='word_1_27' title='bbox 366 877 561 947; x_wconf 82' lang='lat' dir='ltr'>novaretur,</span> <span class='ocrx_word' id='word_1_28' title='bbox 604 855 851 960; x_wconf 82' lang='lat' dir='ltr'>Triumviros,</span> <span class='ocrx_word' id='word_1_29' title='bbox 878 883 958 955; x_wconf 81' lang='lat' dir='ltr'>quae</span> <span class='ocrx_word' id='word_1_30' title='bbox 989 854 1205 954; x_wconf 87' lang='lat' dir='ltr'>supplicium</span> 
     </span>
     <span class='ocr_line' id='line_1_6' title="bbox 224 975 1205 1082; baseline -0.01 -24"><span class='ocrx_word' id='word_1_31' title='bbox 224 983 425 1082; x_wconf 84' lang='lat' dir='ltr'>postulabat,</span> <span class='ocrx_word' id='word_1_32' title='bbox 461 1003 576 1076; x_wconf 84' lang='lat' dir='ltr'>parare</span> <span class='ocrx_word' id='word_1_33' title='bbox 600 975 728 1076; x_wconf 85' lang='lat' dir='ltr'>jubet:</span> <span class='ocrx_word' id='word_1_34' title='bbox 767 975 852 1076; x_wconf 89' lang='lat' dir='ltr'>ipse,</span> <span class='ocrx_word' id='word_1_35' title='bbox 886 975 1052 1074; x_wconf 73' lang='lat' dir='ltr'>dispositis</span> <span class='ocrx_word' id='word_1_36' title='bbox 1084 978 1205 1074; x_wconf 85' lang='lat' dir='ltr'>praesr-</span> 
     </span>
     <span class='ocr_line' id='line_1_7' title="bbox 223 1096 1206 1194; baseline -0.007 -15"><span class='ocrx_word' id='word_1_37' title='bbox 223 1105 303 1194; x_wconf 89' lang='lat' dir='ltr'>diis,</span> <span class='ocrx_word' id='word_1_38' title='bbox 338 1099 531 1174; x_wconf 82' lang='lat' dir='ltr'>Lentulum</span> <span class='ocrx_word' id='word_1_39' title='bbox 562 1098 598 1170; x_wconf 92' lang='lat' dir='ltr'>in</span> <span class='ocrx_word' id='word_1_40' title='bbox 630 1123 802 1172; x_wconf 84' lang='lat' dir='ltr'>carcerem</span> <span class='ocrx_word' id='word_1_41' title='bbox 829 1096 999 1170; x_wconf 90' lang='lat' dir='ltr'>deducit:</span> <span class='ocrx_word' id='word_1_42' title='bbox 1029 1096 1125 1170; x_wconf 90' lang='lat' dir='ltr'>idem</span> <span class='ocrx_word' id='word_1_43' title='bbox 1159 1099 1206 1172; x_wconf 88' lang='lat' dir='ltr'>fit</span> 
     </span>
     <span class='ocr_line' id='line_1_8' title="bbox 224 1217 1204 1316; baseline -0.01 -16"><span class='ocrx_word' id='word_1_44' title='bbox 224 1221 344 1300; x_wconf 88' lang='lat' dir='ltr'>ceteris</span> <span class='ocrx_word' id='word_1_45' title='bbox 361 1243 421 1316; x_wconf 84' lang='lat' dir='ltr'>per</span> <span class='ocrx_word' id='word_1_46' title='bbox 437 1219 614 1292; x_wconf 85' lang='lat' dir='ltr'>Praetores.</span> <span class='ocrx_word' id='word_1_47' title='bbox 665 1217 728 1291; x_wconf 87' lang='lat' dir='ltr'>Est</span> <span class='ocrx_word' id='word_1_48' title='bbox 748 1219 847 1292; x_wconf 86' lang='lat' dir='ltr'>locus</span> <span class='ocrx_word' id='word_1_49' title='bbox 869 1217 906 1290; x_wconf 93' lang='lat' dir='ltr'>in</span> <span class='ocrx_word' id='word_1_50' title='bbox 922 1242 1070 1306; x_wconf 86' lang='lat' dir='ltr'>carcere,</span> <span class='ocrx_word' id='word_1_51' title='bbox 1101 1219 1204 1314; x_wconf 92' lang='lat' dir='ltr'>quod</span> 
     </span>
     <span class='ocr_line' id='line_1_9' title="bbox 222 1335 1204 1436; baseline -0.006 -20"><span class='ocrx_word' id='word_1_52' title='bbox 222 1339 428 1416; x_wconf 91' lang='lat' dir='ltr'>Tullianum</span> <span class='ocrx_word' id='word_1_53' title='bbox 455 1339 661 1435; x_wconf 86' lang='lat' dir='ltr'>adpellatur,</span> <span class='ocrx_word' id='word_1_54' title='bbox 695 1337 758 1410; x_wconf 92' lang='lat' dir='ltr'>ubi</span> <span class='ocrx_word' id='word_1_55' title='bbox 789 1339 982 1436; x_wconf 85' lang='lat' dir='ltr'>paullulum</span> <span class='ocrx_word' id='word_1_56' title='bbox 1010 1335 1204 1414; x_wconf 87' lang='lat' dir='ltr'>escenderis</span> 
     </span>
     <span class='ocr_line' id='line_1_10' title="bbox 224 1455 1203 1556; baseline 0 -23"><span class='ocrx_word' id='word_1_57' title='bbox 224 1461 269 1534; x_wconf 85' lang='lat' dir='ltr'>ad</span> <span class='ocrx_word' id='word_1_58' title='bbox 287 1461 423 1547; x_wconf 76' lang='lat' dir='ltr'>lavam,</span> <span class='ocrx_word' id='word_1_59' title='bbox 454 1457 585 1531; x_wconf 84' lang='lat' dir='ltr'>circiter</span> <span class='ocrx_word' id='word_1_60' title='bbox 607 1455 799 1532; x_wconf 91' lang='lat' dir='ltr'>duodecim</span> <span class='ocrx_word' id='word_1_61' title='bbox 825 1458 930 1556; x_wconf 90' lang='lat' dir='ltr'>pedes</span> <span class='ocrx_word' id='word_1_62' title='bbox 947 1457 1046 1544; x_wconf 81' lang='lat' dir='ltr'>humi</span> <span class='ocrx_word' id='word_1_63' title='bbox 1061 1459 1203 1555; x_wconf 85' lang='lat' dir='ltr'>depres-</span> 
     </span>
     <span class='ocr_line' id='line_1_11' title="bbox 223 1576 1202 1677; baseline -0.002 -23"><span class='ocrx_word' id='word_1_64' title='bbox 223 1579 290 1654; x_wconf 78' lang='lat' dir='ltr'>sus·</span> <span class='ocrx_word' id='word_1_65' title='bbox 341 1580 435 1650; x_wconf 88' lang='lat' dir='ltr'>Eum</span> <span class='ocrx_word' id='word_1_66' title='bbox 459 1576 622 1651; x_wconf 91' lang='lat' dir='ltr'>muniunt</span> <span class='ocrx_word' id='word_1_67' title='bbox 648 1577 805 1676; x_wconf 87' lang='lat' dir='ltr'>undique</span> <span class='ocrx_word' id='word_1_68' title='bbox 831 1577 986 1676; x_wconf 87' lang='lat' dir='ltr'>parietes,</span> <span class='ocrx_word' id='word_1_69' title='bbox 1015 1578 1202 1677; x_wconf 73' lang='lat' dir='ltr'>atquein-</span> 
     </span>
     <span class='ocr_line' id='line_1_12' title="bbox 222 1696 1201 1797; baseline -0.002 -23"><span class='ocrx_word' id='word_1_70' title='bbox 222 1699 323 1797; x_wconf 87' lang='lat' dir='ltr'>super</span> <span class='ocrx_word' id='word_1_71' title='bbox 348 1723 494 1789; x_wconf 82' lang='lat' dir='ltr'>camera,</span> <span class='ocrx_word' id='word_1_72' title='bbox 522 1697 666 1794; x_wconf 88' lang='lat' dir='ltr'>lapideis</span> <span class='ocrx_word' id='word_1_73' title='bbox 683 1696 875 1773; x_wconf 87' lang='lat' dir='ltr'>fornicibus</span> <span class='ocrx_word' id='word_1_74' title='bbox 900 1698 1040 1772; x_wconf 65' lang='lat' dir='ltr'>vineta:</span> <span class='ocrx_word' id='word_1_75' title='bbox 1068 1697 1125 1772; x_wconf 90' lang='lat' dir='ltr'>sed</span> <span class='ocrx_word' id='word_1_76' title='bbox 1143 1699 1201 1773; x_wconf 91' lang='lat' dir='ltr'>in-</span> 
     </span>
     <span class='ocr_line' id='line_1_13' title="bbox 224 1817 1202 1917; baseline 0 -23"><span class='ocrx_word' id='word_1_77' title='bbox 224 1822 335 1907; x_wconf 90' lang='lat' dir='ltr'>cultu,</span> <span class='ocrx_word' id='word_1_78' title='bbox 365 1818 528 1909; x_wconf 87' lang='lat' dir='ltr'>tenebris,</span> <span class='ocrx_word' id='word_1_79' title='bbox 557 1819 666 1893; x_wconf 91' lang='lat' dir='ltr'>odore</span> <span class='ocrx_word' id='word_1_80' title='bbox 694 1817 791 1893; x_wconf 89' lang='lat' dir='ltr'>soeda</span> <span class='ocrx_word' id='word_1_81' title='bbox 813 1838 917 1916; x_wconf 90' lang='lat' dir='ltr'>atque</span> <span class='ocrx_word' id='word_1_82' title='bbox 940 1818 1098 1892; x_wconf 90' lang='lat' dir='ltr'>terribilis</span> <span class='ocrx_word' id='word_1_83' title='bbox 1126 1817 1202 1917; x_wconf 81' lang='lat' dir='ltr'>ejus</span> 
     </span>
     <span class='ocr_line' id='line_1_14' title="bbox 222 1925 1212 2038; baseline 0.002 -22"><span class='ocrx_word' id='word_1_84' title='bbox 222 1940 325 2016; x_wconf 87' lang='lat' dir='ltr'>sacies</span> <span class='ocrx_word' id='word_1_85' title='bbox 357 1925 417 2011; x_wconf 79' lang='lat' dir='ltr'>e&#39;st.</span> <span class='ocrx_word' id='word_1_86' title='bbox 476 1941 519 2012; x_wconf 90' lang='lat' dir='ltr'>In</span> <span class='ocrx_word' id='word_1_87' title='bbox 555 1965 636 2013; x_wconf 89' lang='lat' dir='ltr'>eum</span> <span class='ocrx_word' id='word_1_88' title='bbox 669 1941 787 2013; x_wconf 92' lang='lat' dir='ltr'>locum</span> <span class='ocrx_word' id='word_1_89' title='bbox 822 1939 1005 2038; x_wconf 92' lang='lat' dir='ltr'>postquam</span> <span class='ocrx_word' id='word_1_90' title='bbox 1037 1938 1212 2018; x_wconf 75' lang='lat' dir='ltr'>demissus</span> 
     </span>
     <span class='ocr_line' id='line_1_15' title="bbox 223 2059 1204 2158; baseline -0.005 -21"><span class='ocrx_word' id='word_1_91' title='bbox 223 2061 410 2148; x_wconf 84' lang='lat' dir='ltr'>Lentulus,</span> <span class='ocrx_word' id='word_1_92' title='bbox 440 2059 566 2156; x_wconf 85' lang='lat' dir='ltr'>quibus</span> <span class='ocrx_word' id='word_1_93' title='bbox 584 2079 800 2157; x_wconf 85' lang='lat' dir='ltr'>praeceptum</span> <span class='ocrx_word' id='word_1_94' title='bbox 817 2081 902 2150; x_wconf 88' lang='lat' dir='ltr'>erat,</span> <span class='ocrx_word' id='word_1_95' title='bbox 930 2061 1055 2157; x_wconf 88' lang='lat' dir='ltr'>laqueo</span> <span class='ocrx_word' id='word_1_96' title='bbox 1079 2059 1204 2158; x_wconf 86' lang='lat' dir='ltr'>gulam</span> 
     </span>
     <span class='ocr_line' id='line_1_16' title="bbox 223 2178 1205 2278; baseline -0.004 -20"><span class='ocrx_word' id='word_1_97' title='bbox 223 2181 366 2278; x_wconf 84' lang='lat' dir='ltr'>fregere.</span> <span class='ocrx_word' id='word_1_98' title='bbox 417 2181 470 2256; x_wconf 89' lang='lat' dir='ltr'>lta</span> <span class='ocrx_word' id='word_1_99' title='bbox 501 2180 559 2252; x_wconf 87' lang='lat' dir='ltr'>ille</span> <span class='ocrx_word' id='word_1_100' title='bbox 585 2178 759 2276; x_wconf 86' lang='lat' dir='ltr'>patricius,</span> <span class='ocrx_word' id='word_1_101' title='bbox 795 2203 840 2251; x_wconf 86' lang='lat' dir='ltr'>ex</span> <span class='ocrx_word' id='word_1_102' title='bbox 869 2179 1063 2252; x_wconf 82' lang='lat' dir='ltr'>clarissuma</span> <span class='ocrx_word' id='word_1_103' title='bbox 1095 2199 1205 2277; x_wconf 84' lang='lat' dir='ltr'>gente</span> 
     </span>
     <span class='ocr_line' id='line_1_17' title="bbox 223 2296 1203 2397; baseline -0.011 -21"><span class='ocrx_word' id='word_1_104' title='bbox 223 2299 483 2388; x_wconf 89' lang='lat' dir='ltr'>Corneliorum,</span> <span class='ocrx_word' id='word_1_105' title='bbox 512 2298 573 2397; x_wconf 91' lang='lat' dir='ltr'>qui</span> <span class='ocrx_word' id='word_1_106' title='bbox 592 2297 767 2371; x_wconf 89' lang='lat' dir='ltr'>consulare</span> <span class='ocrx_word' id='word_1_107' title='bbox 789 2296 974 2394; x_wconf 89' lang='lat' dir='ltr'>imperium</span> <span class='ocrx_word' id='word_1_108' title='bbox 992 2301 1120 2371; x_wconf 88' lang='lat' dir='ltr'>Romae</span> <span class='ocrx_word' id='word_1_109' title='bbox 1138 2302 1203 2375; x_wconf 78' lang='lat' dir='ltr'>ha.</span> 
     </span>
     <span class='ocr_line' id='line_1_18' title="bbox 224 2415 1204 2528; baseline -0.005 -34"><span class='ocrx_word' id='word_1_110' title='bbox 224 2424 358 2511; x_wconf 89' lang='lat' dir='ltr'>buerat,</span> <span class='ocrx_word' id='word_1_111' title='bbox 391 2421 541 2518; x_wconf 86' lang='lat' dir='ltr'>dignum</span> <span class='ocrx_word' id='word_1_112' title='bbox 571 2419 727 2528; x_wconf 84' lang='lat' dir='ltr'>moribus</span> <span class='ocrx_word' id='word_1_113' title='bbox 760 2417 926 2516; x_wconf 74' lang='lat' dir='ltr'>fasiisque</span> <span class='ocrx_word' id='word_1_114' title='bbox 958 2415 1023 2490; x_wconf 92' lang='lat' dir='ltr'>suis</span> <span class='ocrx_word' id='word_1_115' title='bbox 1052 2417 1204 2496; x_wconf 82' lang='lat' dir='ltr'>exitium</span> 
     </span>
     <span class='ocr_line' id='line_1_19' title="bbox 149 2536 1201 2636; baseline 0.001 -23"><span class='ocrx_word' id='word_1_116' title='bbox 149 2591 151 2596; x_wconf 83' lang='lat'><em>.</em></span> <span class='ocrx_word' id='word_1_117' title='bbox 223 2540 304 2614; x_wconf 84' lang='lat' dir='ltr'>vitae</span> <span class='ocrx_word' id='word_1_118' title='bbox 347 2539 490 2614; x_wconf 83' lang='lat' dir='ltr'>invenit.</span> <span class='ocrx_word' id='word_1_119' title='bbox 556 2540 613 2612; x_wconf 88' lang='lat' dir='ltr'>De</span> <span class='ocrx_word' id='word_1_120' title='bbox 641 2539 813 2636; x_wconf 83' lang='lat' dir='ltr'>Cethego,</span> <span class='ocrx_word' id='word_1_121' title='bbox 849 2536 995 2628; x_wconf 88' lang='lat' dir='ltr'>Statilio,</span> <span class='ocrx_word' id='word_1_122' title='bbox 1030 2537 1201 2631; x_wconf 84' lang='lat' dir='ltr'>Gabinio,</span> 
     </span>
     <span class='ocr_line' id='line_1_20' title="bbox 223 2656 1070 2759; baseline -0.002 -25"><span class='ocrx_word' id='word_1_123' title='bbox 223 2661 387 2759; x_wconf 88' lang='lat' dir='ltr'>Coepario</span> <span class='ocrx_word' id='word_1_124' title='bbox 405 2661 532 2734; x_wconf 89' lang='lat' dir='ltr'>eodem</span> <span class='ocrx_word' id='word_1_125' title='bbox 555 2657 664 2734; x_wconf 93' lang='lat' dir='ltr'>modo</span> <span class='ocrx_word' id='word_1_126' title='bbox 681 2657 888 2758; x_wconf 87' lang='lat' dir='ltr'>supplicium</span> <span class='ocrx_word' id='word_1_127' title='bbox 905 2656 1070 2732; x_wconf 68' lang='lat' dir='ltr'>sumtumz</span> 
     </span>
    </p>

    <p class='ocr_par' dir='ltr' id='par_1_3' title="bbox 185 2779 1323 3840">
     <span class='ocr_line' id='line_1_21' title="bbox 271 2779 1202 2878; baseline 0.002 -24"><span class='ocrx_word' id='word_1_128' title='bbox 271 2783 369 2856; x_wconf 91' lang='lat' dir='ltr'><strong>LVI.</strong></span> <span class='ocrx_word' id='word_1_129' title='bbox 395 2784 493 2856; x_wconf 80' lang='lat' dir='ltr'>Dum</span> <span class='ocrx_word' id='word_1_130' title='bbox 526 2805 567 2854; x_wconf 87' lang='lat' dir='ltr'>ea</span> <span class='ocrx_word' id='word_1_131' title='bbox 600 2783 728 2856; x_wconf 83' lang='lat' dir='ltr'>Romae</span> <span class='ocrx_word' id='word_1_132' title='bbox 764 2800 946 2878; x_wconf 81' lang='lat' dir='ltr'>geruntur,</span> <span class='ocrx_word' id='word_1_133' title='bbox 976 2779 1126 2854; x_wconf 89' lang='lat' dir='ltr'>Catilina</span> <span class='ocrx_word' id='word_1_134' title='bbox 1155 2806 1202 2856; x_wconf 83' lang='lat' dir='ltr'>ex</span> 
     </span>
     <span class='ocr_line' id='line_1_22' title="bbox 222 2896 1201 2999; baseline 0 -23"><span class='ocrx_word' id='word_1_135' title='bbox 222 2902 320 2976; x_wconf 90' lang='lat' dir='ltr'>omni</span> <span class='ocrx_word' id='word_1_136' title='bbox 336 2901 450 2998; x_wconf 90' lang='lat' dir='ltr'>copia,</span> <span class='ocrx_word' id='word_1_137' title='bbox 473 2927 579 2999; x_wconf 87' lang='lat' dir='ltr'>quarn</span> <span class='ocrx_word' id='word_1_138' title='bbox 607 2905 641 2974; x_wconf 75' lang='grc' dir='ltr'>ὅτ</span> <span class='ocrx_word' id='word_1_139' title='bbox 667 2899 737 2996; x_wconf 91' lang='lat' dir='ltr'>ipse</span> <span class='ocrx_word' id='word_1_140' title='bbox 758 2896 965 2992; x_wconf 81' lang='lat' dir='ltr'>adduxerat,</span> <span class='ocrx_word' id='word_1_141' title='bbox 992 2904 1027 2974; x_wconf 75' lang='grc' dir='ltr'>δι</span> <span class='ocrx_word' id='word_1_142' title='bbox 1043 2901 1201 2979; x_wconf 87' lang='lat' dir='ltr'>Manlius</span> 
     </span>
     <span class='ocr_line' id='line_1_23' title="bbox 185 3019 1201 3121; baseline -0.005 -20"><span class='ocrx_word' id='word_1_143' title='bbox 185 3089 190 3101; x_wconf 68' lang='grc'>,</span> <span class='ocrx_word' id='word_1_144' title='bbox 223 3025 404 3110; x_wconf 89' lang='lat' dir='ltr'>habuerat,</span> <span class='ocrx_word' id='word_1_145' title='bbox 439 3021 525 3093; x_wconf 88' lang='lat' dir='ltr'>duas</span> <span class='ocrx_word' id='word_1_146' title='bbox 552 3020 705 3119; x_wconf 83' lang='lat' dir='ltr'>legiones</span> <span class='ocrx_word' id='word_1_147' title='bbox 733 3019 901 3107; x_wconf 80' lang='lat' dir='ltr'>instituit3</span> <span class='ocrx_word' id='word_1_148' title='bbox 928 3022 1103 3113; x_wconf 88' lang='lat' dir='ltr'>cohortes,</span> <span class='ocrx_word' id='word_1_149' title='bbox 1137 3049 1201 3121; x_wconf 92' lang='lat' dir='ltr'>pro</span> 
     </span>
     <span class='ocr_line' id='line_1_24' title="bbox 223 3139 1323 3242; baseline 0.002 -28"><span class='ocrx_word' id='word_1_150' title='bbox 223 3166 371 3216; x_wconf 88' lang='lat' dir='ltr'>numero</span> <span class='ocrx_word' id='word_1_151' title='bbox 404 3139 569 3228; x_wconf 92' lang='lat' dir='ltr'>militum,</span> <span class='ocrx_word' id='word_1_152' title='bbox 594 3142 771 3236; x_wconf 89' lang='lat' dir='ltr'>complet:</span> <span class='ocrx_word' id='word_1_153' title='bbox 808 3140 950 3230; x_wconf 89' lang='lat' dir='ltr'>deinde,</span> <span class='ocrx_word' id='word_1_154' title='bbox 981 3161 1021 3216; x_wconf 93' lang='lat' dir='ltr'>ut</span> <span class='ocrx_word' id='word_1_155' title='bbox 1055 3141 1200 3242; x_wconf 84' lang='lat' dir='ltr'>quisque</span> <span class='ocrx_word' id='word_1_156' title='bbox 1322 3213 1323 3237; x_wconf 34' lang='lat'>2</span> 
     </span>
     <span class='ocr_line' id='line_1_25' title="bbox 222 3259 1201 3364; baseline 0.003 -29"><span class='ocrx_word' id='word_1_157' title='bbox 222 3259 449 3350; x_wconf 84' lang='lat' dir='ltr'>voluntarius,</span> <span class='ocrx_word' id='word_1_158' title='bbox 479 3280 538 3332; x_wconf 85' lang='lat' dir='ltr'>aut</span> <span class='ocrx_word' id='word_1_159' title='bbox 560 3285 605 3332; x_wconf 84' lang='lat' dir='ltr'>ex</span> <span class='ocrx_word' id='word_1_160' title='bbox 628 3259 725 3332; x_wconf 88' lang='lat' dir='ltr'>sociis</span> <span class='ocrx_word' id='word_1_161' title='bbox 742 3259 778 3332; x_wconf 90' lang='lat' dir='ltr'>in</span> <span class='ocrx_word' id='word_1_162' title='bbox 795 3260 901 3342; x_wconf 82' lang='lat' dir='ltr'>castra</span> <span class='ocrx_word' id='word_1_163' title='bbox 923 3262 1031 3352; x_wconf 90' lang='lat' dir='ltr'>venit,</span> <span class='ocrx_word' id='word_1_164' title='bbox 1057 3265 1201 3364; x_wconf 89' lang='lat' dir='ltr'>aequali·</span> 
     </span>
     <span class='ocr_line' id='line_1_26' title="bbox 223 3378 1322 3478; baseline 0.002 -24"><span class='ocrx_word' id='word_1_165' title='bbox 223 3403 275 3456; x_wconf 88' lang='lat' dir='ltr'>ter</span> <span class='ocrx_word' id='word_1_166' title='bbox 292 3380 533 3466; x_wconf 86' lang='lat' dir='ltr'>distribuerat;</span> <span class='ocrx_word' id='word_1_167' title='bbox 564 3405 604 3452; x_wconf 83' lang='lat' dir='ltr'>ac</span> <span class='ocrx_word' id='word_1_168' title='bbox 622 3378 720 3453; x_wconf 86' lang='lat' dir='ltr'>brevi</span> <span class='ocrx_word' id='word_1_169' title='bbox 737 3378 847 3476; x_wconf 87' lang='lat' dir='ltr'>spatio</span> <span class='ocrx_word' id='word_1_170' title='bbox 871 3380 1028 3478; x_wconf 92' lang='lat' dir='ltr'>legiones</span> <span class='ocrx_word' id='word_1_171' title='bbox 1052 3393 1201 3458; x_wconf 87' lang='lat' dir='ltr'>numero</span> <span class='ocrx_word' id='word_1_172' title='bbox 1321 3389 1322 3392; x_wconf 73' lang='grc'>’</span> 
     </span>
     <span class='ocr_line' id='line_1_27' title="bbox 222 3498 1321 3600; baseline 0.002 -26"><span class='ocrx_word' id='word_1_173' title='bbox 222 3501 408 3575; x_wconf 90' lang='lat' dir='ltr'>hominum</span> <span class='ocrx_word' id='word_1_174' title='bbox 441 3502 665 3598; x_wconf 84' lang='lat' dir='ltr'>expleverat3</span> <span class='ocrx_word' id='word_1_175' title='bbox 704 3523 788 3572; x_wconf 90' lang='lat' dir='ltr'>cum</span> <span class='ocrx_word' id='word_1_176' title='bbox 816 3498 916 3572; x_wconf 88' lang='lat' dir='ltr'>initio</span> <span class='ocrx_word' id='word_1_177' title='bbox 946 3527 1018 3574; x_wconf 89' lang='lat' dir='ltr'>non</span> <span class='ocrx_word' id='word_1_178' title='bbox 1051 3501 1201 3600; x_wconf 86' lang='lat' dir='ltr'>amplius</span> <span class='ocrx_word' id='word_1_179' title='bbox 1320 3579 1321 3584; x_wconf 64' lang='lat'>,</span> 
     </span>
     <span class='ocr_line' id='line_1_28' title="bbox 221 3617 1200 3721; baseline 0.002 -29"><span class='ocrx_word' id='word_1_180' title='bbox 221 3621 360 3708; x_wconf 78' lang='lat' dir='ltr'>duobus</span> <span class='ocrx_word' id='word_1_181' title='bbox 381 3619 533 3696; x_wconf 90' lang='lat' dir='ltr'>millibus</span> <span class='ocrx_word' id='word_1_182' title='bbox 561 3617 742 3692; x_wconf 78' lang='lat' dir='ltr'>habuisset.</span> <span class='ocrx_word' id='word_1_183' title='bbox 802 3619 869 3692; x_wconf 88' lang='lat' dir='ltr'>Sed</span> <span class='ocrx_word' id='word_1_184' title='bbox 897 3645 942 3694; x_wconf 85' lang='lat' dir='ltr'>ex</span> <span class='ocrx_word' id='word_1_185' title='bbox 970 3620 1066 3696; x_wconf 88' lang='lat' dir='ltr'>omni</span> <span class='ocrx_word' id='word_1_186' title='bbox 1095 3622 1200 3721; x_wconf 82' lang='lat' dir='ltr'>copia</span> 
     </span>
     <span class='ocr_line' id='line_1_29' title="bbox 222 3735 1320 3840; baseline 0.005 -29"><span class='ocrx_word' id='word_1_187' title='bbox 222 3737 357 3825; x_wconf 82' lang='lat' dir='ltr'>circiter</span> <span class='ocrx_word' id='word_1_188' title='bbox 379 3766 458 3840; x_wconf 82' lang='lat' dir='ltr'>pars</span> <span class='ocrx_word' id='word_1_189' title='bbox 476 3759 597 3839; x_wconf 87' lang='lat' dir='ltr'>quarta</span> <span class='ocrx_word' id='word_1_190' title='bbox 611 3756 683 3812; x_wconf 86' lang='lat' dir='ltr'>erat</span> <span class='ocrx_word' id='word_1_191' title='bbox 700 3736 907 3830; x_wconf 77' lang='lat' dir='ltr'>militaribus</span> <span class='ocrx_word' id='word_1_192' title='bbox 929 3741 1033 3816; x_wconf 88' lang='lat' dir='ltr'>armis</span> <span class='ocrx_word' id='word_1_193' title='bbox 1049 3741 1196 3820; x_wconf 64' lang='lat' dir='ltr'>instrum</span> <span class='ocrx_word' id='word_1_194' title='bbox 1319 3735 1320 3787; x_wconf 52' lang='lat' dir='ltr'>l</span> 
     </span>
    </p>
   </div>
   <div class='ocr_carea' id='block_1_3' title="bbox 0 0 1340 4682">
    <p class='ocr_par' dir='ltr' id='par_1_4' title="bbox 0 0 1340 4682">
     <span class='ocr_line' id='line_1_30' title="bbox 0 0 1340 4682; baseline 0 0"><span class='ocrx_word' id='word_1_195' title='bbox 0 0 1340 4682; x_wconf 95' lang='lat' dir='ltr'> </span> 
     </span>
    </p>
   </div>
  </div>
 </body>
</html>
