2668 4698
255 385 328 458 294
422 357 567 432 Poncrr
594 357 805 430 Lnrnours
825 345 1105 430 Dscnaunr'ro

254 529 414 606 facinoris
430 531 619 621 atrocitate,
646 531 773 628 partim
800 530 844 602 ad
861 553 967 602 omne
998 526 1122 618 scelus,
1148 548 1228 624 par·

253 654 318 726 tim
344 655 389 726 ad
417 677 560 726 omnem
585 650 788 748 patientiam
815 649 1026 726 erudierunt.
1091 649 1228 722 Verum

254 771 308 846 hae
326 771 450 870 pestes,
468 771 633 846 sententia
651 797 744 862 mea,
768 797 840 870 quo
861 768 989 844 suerint
1011 766 1229 867 abjectiores,

254 919 298 968 co
321 893 433 992 magis
460 891 732 966 extimescendas
759 894 826 966 elle
842 917 934 982 reor,
959 909 1128 986 tanquam
1150 913 1229 985 per-

180 1095 183 1104 ,
255 1033 360 1112 petuo
382 1010 589 1086 seditionum
602 1011 773 1103 civilium,
794 1039 834 1086 ac
859 1036 973 1086 rerum
985 1007 1231 1096 novandarum

253 1131 486 1208 avidissimas:
528 1137 596 1206 five
624 1133 712 1231 'quia
746 1135 966 1230 voluptatem
1009 1129 1151 1227 capiant
1187 1149 1233 1203 err

254 1278 405 1328 moerore
441 1250 540 1326 socia·
572 1253 800 1328 calamitatis:
836 1257 905 1327 five
938 1251 1019 1350 quia
1048 1249 1232 1324 civitatum

254 1371 452 1463 versutiam,
475 1373 743 1448 mutabilitatem
771 1399 888 1448 rerum
915 1371 1054 1448 suanam
1069 1369 1232 1468 portendi

254 1495 524 1593 quodammodo
541 1493 764 1568 arbitrantur.
794 1493 847 1568 Hi
863 1491 941 1566 sunt
958 1491 1118 1590 quidem,
1144 1517 1233 1590 quos

254 1613 292 1687 in
319 1613 395 1687 foro
424 1614 583 1712 quotidie
617 1614 653 1687 in
686 1613 794 1688 oculis
815 1612 948 1688 civium
970 1611 1233 1702 calamistratos,

235 1761 295 1818 ¹ac
313 1735 463 1813 vestibus
476 1737 686 1809 collucentes
700 1733 821 1831 passim
833 1733 1024 1808 obtolitare
1041 1733 1233 1824 cemimus,

255 1855 409 1930 fortunas
432 1855 592 1929 omnium
618 1854 855 1954 popularium,
882 1875 991 1952 atque
1012 1854 1126 1928 otium
1146 1854 1232 1929 civi·

253 1976 331 2049 tatis
354 1975 545 2050 luminibus
570 1980 833 2075 consignantes:
864 1975 925 2074 qui
952 2001 1024 2050 non
1045 1977 1157 2050 modo
1181 2001 1232 2050 ard

249 2096 339 2170 recti
373 2116 576 2192 permanent
608 2098 664 2174 ,ad
704 2095 1003 2195 opportunitatem
1041 2095 1234 2196 cujuspiam

254 2216 426 2315 praesentis
443 2217 635 2306 commodi,
653 2240 777 2290 verum
795 2217 902 2290 etiam
919 2217 1067 2316 gestiunt
1083 2217 1131 2289 ad
1157 2216 1234 2314 opi-

255 2337 397 2410 nionem
415 2335 554 2433 sperata
570 2335 733 2410 utilitatis.
783 2336 818 2410 Si
845 2337 933 2410 feras
951 2337 1094 2434 quidem
1118 2337 1237 2410 omnis

256 2456 404 2556 generis,
417 2483 490 2555 quo
507 2457 617 2556 magis
634 2477 816 2534 attenuatae
828 2451 954 2530 fiterint
967 2441 1109 2556 penuria
1124 2457 1237 2529 eden·

254 2579 307 2670 di,
325 2603 367 2651 eo
384 2576 496 2676 magis
515 2577 709 2676 praecipites
735 2597 841 2676 atque
869 2577 1049 2652 effrenatas
1071 2600 1172 2678 ruere
1200 2576 1239 2650 in

217 2771 218 2774 ,
256 2699 445 2798 perniciem
463 2700 648 2774 videmus:
674 2698 760 2796 quid
777 2699 866 2772 hanc
881 2695 1147 2796 desperatorum
1164 2701 1238 2772 col-

255 2818 387 2896 luviem
397 2818 567 2916 jejunam,
580 2847 619 2894 ac
633 2818 798 2892 scientem
808 2809 1010 2892 facultatum
1021 2817 1238 2908 nostrarum,

257 2965 329 3037 quo
355 2939 503 3034 impetu,
531 2940 787 3038 quave‘strage
816 2938 980 3012 ruituram
997 2940 1065 3013 effe
1082 2939 1242 3030 creditis,¹

256 3077 314 3132 aut
343 3059 647 3150 debacchaturanr,
683 3058 767 3132 srsc
799 3058 991 3133 carceribus
1030 3057 1235 3134 emiserint:

199 3193 200 3196 ’
256 3203 340 3254 cum
368 3177 436 3249 illae
461 3179 590 3252 ratione
617 3199 766 3270 careant,
793 3199 896 3278 atque
913 3176 1172 3278 intelligentia:
1202 3179 1239 3252 hi

257 3319 345 3372 vero
366 3319 438 3369 non
457 3301 566 3372 absint
584 3299 720 3398 penitus
748 3304 793 3374 ab
826 3298 898 3397 ipsa
926 3297 1088 3374 facultate
1107 3295 1237 3374 iritelli-

257 3419 393 3518 gendi?
431 3403 628 3494 Gravissimi
660 3418 807 3518 quidem
832 3419 910 3494 sunt
942 3418 1075 3493 morsus
1098 3419 1240 3496 irritatas

254 3540 470 3614 necessitatis.

308 3662 391 3734 xu.
417 3659 478 3734 nn
496 3659 722 3751 immortates,
753 3687 831 3758 quae
849 3623 963 3735 usses
993 3663 1039 3735 ab
1067 3661 1129 3734 na
1157 3659 1236 3734 ren-

259 3798 329 3852 tate
355 3780 555 3873 hominum,
584 3806 663 3879 quae
691 3805 819 3880 genera
847 3781 1060 3884 flagitiorum
1095 3805 1234 3858 emana-
