2664 4692
240 307 310 402 258
414 377 417 386 ,
508 308 571 378 An
606 302 649 378 C.
686 301 951 384 Claranum

238 499 427 570 merentur,
455 478 568 578 equis,
596 478 692 570 viris,
720 477 867 576 pecunia
883 476 1017 568 amissa,
1036 499 1221 574 nunquam
1244 525 1246 529 .

237 599 355 674 deseffi
380 597 458 673 sunt
475 599 598 674 armati
623 601 668 673 de
685 597 834 697 imperio
843 618 989 704 certare.
1039 600 1126 672 Non
1142 597 1222 672 ino-

239 720 298 818 pia
314 721 437 812 aerarii,
464 747 536 794 non
553 721 605 794 vis
623 719 790 810 hostium,
818 745 889 794 non
907 717 1049 794 adversa
1074 743 1139 810 tes,
1166 717 1222 793 in-
1255 761 1261 772 ·

239 861 382 940 gentem
411 867 535 914 eorum
563 840 721 914 animum
749 840 898 940 subegit,
925 840 1026 939 quin,
1053 867 1133 938 quae
1150 839 1222 912 vir-

237 981 313 1034 tute
330 982 505 1058 ceperant,
533 962 633 1036 fimul
651 989 735 1036 curn
757 961 873 1038 anima
900 961 1099 1034 retinerent.
1151 965 1223 1033 At-

239 1109 309 1180 que
326 1109 367 1156 ea
382 1081 493 1180 magis
521 1081 667 1156 sortibus
695 1083 855 1174 confiliis,
883 1109 990 1181 quarn
1009 1082 1112 1157 bonis
1134 1109 1223 1180 prae·

238 1203 305 1292 liis,
334 1223 466 1300 patrata
493 1201 582 1276 sunt.
625 1203 772 1302 Qrippe
803 1191 899 1301 apud
927 1203 1004 1277 illos
1030 1229 1101 1276 una
1133 1201 1224 1300 resp.

239 1343 323 1412 erat,
351 1323 382 1395 ei
400 1321 648 1410 consulebant3
675 1323 781 1398 factio
808 1343 927 1398 contra
948 1325 1061 1400 hostes
1078 1327 1224 1421 paraba-

238 1464 329 1516 turz-
358 1469 483 1541 corpus
512 1465 618 1542 atque
639 1444 834 1544 ingenium,
873 1445 1008 1544 patria,
1047 1471 1121 1516 non
1152 1443 1221 1518 suae

238 1563 384 1662 quisque
414 1565 593 1662 potentia,
620 1566 845 1640 exercitabat.
895 1571 946 1640 At
972 1567 1041 1640 hoc
1058 1586 1225 1664 tempore

185 1682 192 1697 '
237 1707 358 1758 contra
374 1712 414 1760 ea
429 1687 590 1760 homines
602 1687 755 1776 nobiles,
783 1712 937 1786 quorum
953 1685 1088 1760 animos
1104 1685 1222 1760 socor-

236 1807 295 1882 dia
312 1827 417 1905 atque
433 1807 573 1905 ignavia
597 1807 730 1898 invasit,
756 1806 866 1905 ignari
882 1805 1024 1896 laboris,
1050 1807 1222 1898 hostium,

239 1929 385 2018 militiae,
422 1928 521 2000 domi
547 1928 695 2002 saslione
724 1926 896 2017 instrusti,
934 1925 1223 2024 persuperbiam

237 2049 371 2122 cunctis
389 2049 551 2146 gentibus
570 2051 805 2122 moderantur.

287 2172 410 2265 Itaque
428 2189 553 2269 patres,
574 2196 724 2266 quorum
742 2169 882 2258 consilio
898 2188 998 2244 antea
1015 2169 1123 2242 dubia
1135 2167 1223 2270 resp.

237 2290 490 2379 stabiliebatur,
516 2293 676 2386 oppressi,
704 2315 749 2362 ex
777 2289 888 2363 aliena
912 2288 1058 2363 libidine
1072 2289 1150 2364 ‘huc
1170 2311 1221 2364 at·

236 2436 308 2508 que
336 2409 419 2484 illuc
453 2411 661 2483 fluctuantes
690 2409 889 2509 agitantur:
928 2411 1100 2502 interdum
1133 2412 1220 2504 alia,

235 2532 362 2606 deinde
381 2532 460 2620 alia,
487 2531 695 2622 decernunt,
721 2553 762 2604 ut
791 2557 926 2622 eorum,
953 2531 1015 2630 qui
1032 2530 1222 2606 dominan-
1256 2557 1261 2564 ·
1329 2527 1330 2534 ἵ

236 2675 306 2743 tur,
334 2656 500 2747 simultas,
528 2679 568 2728 ac
586 2653 784 2751 arrogantia
806 2652 894 2726 sert:
921 2651 969 2726 ita
990 2653 1126 2726 bonum
1144 2631 1222 2728 ma·

236 2777 384 2874 lumque
395 2775 580 2872 publicum
593 2774 814 2848 existumant.
841 2759 949 2871 Qrod
967 2773 989 2845 fi
1007 2793 1066 2846 aut
1080 2773 1224 2848 libertas

236 2923 339 2992 aequa
355 2896 531 2985 omnium,
558 2917 617 2968 aut
638 2893 803 2984 sententia
820 2891 997 2968 obscurior
1013 2895 1095 2966 esset
1107 2924 1118 2982 ;
1130 2922 1222 2986 ‚rna-

228 3015 365 3113 joribus
391 3017 518 3113 opibus
544 3015 629 3113 resp.
654 3021 687 3090 δι
713 3016 829 3090 minus
848 3037 972 3115 potens
990 3014 1152 3090 nobilitas
1168 3016 1218 3090 es·

234 3133 292 3210 set.
343 3137 411 3208 Sed
430 3137 596 3232 quoniam
614 3138 789 3235 coaequari
808 3137 951 3236 gratiam
969 3136 1131 3212 omnium
1148 3135 1219 3210 dif-

217 3235 327 3336 ‘ficile
345 3256 394 3330 est
409 3286 419 3342 ;
448 3256 580 3354 quippe
598 3258 758 3331 cumillis
771 3257 945 3356 majorum
963 3258 1070 3332 virtus
1083 3277 1221 3356 partam

235 3377 411 3476 reliquerit
439 3377 601 3475 gloriam,
627 3377 849 3476 dignitatern,
878 3361 1077 3454 clientelas:
1105 3400 1233 3455 cetera.

236 3500 441 3588 multitudo,
461 3498 775 3595 pleraqueinsrtitia
792 3504 843 3606 fit,
863 3495 1045 3574 sententias
1058 3525 1184 3574 eorum
1201 3528 1235 3582 a,

224 3601 332 3695 metu
356 3621 485 3695 libera:
515 3620 566 3692 lta
583 3621 717 3692 occulte
746 3619 807 3694 fibi
833 3618 978 3718 quisque
998 3619 1136 3694 alterius
1154 3647 1221 3719 po-

233 3742 341 3816 tentia
361 3741 470 3816 carior
488 3737 561 3814 erit.
611 3739 774 3814 Libertas
785 3738 890 3838 juxta
907 3725 1028 3832 bonis,
1048 3731 1090 3820 δι’,
1101 3742 1222 3834 malis,
