2668 4698
126 346 297 442 Cpusnn
313 344 484 417 Lucrum
503 345 684 456 Sslnorun
702 343 957 422 Cartiman.
1008 367 1078 450 293

98 541 143 588 ac
165 515 391 590 moriendum
408 513 482 588 fore
499 541 582 589 cum
611 517 827 616 turpitudine
848 518 996 608 summa,
1021 519 1078 594 v'el

98 637 265 708 Senatum
293 633 431 709 nullum
450 637 518 709 effe
534 639 720 735 oportere:
746 641 791 711 de
808 639 939 711 ratione
956 641 1077 712 tollen·
1157 631 1161 642 ¹

99 755 137 829 di
155 755 260 853 ipsius
277 755 435 853 primum
452 756 607 854 cogitare
624 759 742 855 coepit.
768 761 865 832 Nam
885 760 945 831 illo
963 760 1078 832 deleto

100 879 169 976 sine
185 876 295 950 dubio
313 875 532 974 intelligebat
544 877 638 950 viam
652 875 845 952 latillimam
863 879 1079 954 lubidinibus

102 997 168 1070 suis
194 997 363 1070 continuo
381 1017 509 1094 patere.
561 997 671 1070 Vertit
690 998 807 1096 itaque
824 1000 942 1072 oculos
961 999 1005 1071 ad
1023 999 1080 1070 in-

99 1118 355 1193 numerabilem
372 1119 511 1216 copiam
523 1117 731 1216 juventutis,
762 1100 831 1217 qul:
847 1118 920 1191 dies
936 1142 976 1191 ac
994 1142 1079 1192 noc·

77 1327 79 1333 Ι
98 1259 148 1312 tes
165 1239 354 1336 stipabatur
379 1239 417 1312 in
440 1240 635 1312 exercenda
664 1238 912 1312 consuetudine
940 1237 1079 1312 suarum

99 1359 358 1457 cupiditatum:
394 1385 476 1432 cum
494 1359 636 1456 putavit:
655 1385 800 1432 manum
829 1358 938 1456 ipsam
964 1359 1079 1432 homi-

98 1481 208 1572 num,
230 1500 400 1578 tanquam
428 1481 561 1552 hastam
594 1479 836 1554 validiffimam
864 1479 986 1553 furoris
1014 1479 1078 1570 sui,
1109 1555 1113 1568 ,

99 1599 277 1675 facillime
296 1601 355 1674 fibi
386 1600 645 1685 accommodari
674 1602 782 1697 polle,
809 1625 916 1696 quam
940 1619 1079 1673 contor-

100 1743 222 1820 queret
249 1721 286 1794 in
316 1721 478 1795 omnium
503 1721 657 1794 nostrum
685 1719 835 1808 ruinam,
864 1721 968 1816 atque
991 1721 1079 1792 inte-

98 1843 347 1940 remptionem,
363 1861 403 1914 ut
428 1868 535 1938 quam
552 1860 764 1939 cognoverat
791 1840 975 1912 educatam
997 1839 1078 1913 vitae
1125 1899 1128 1912 .
1231 1872 1234 1888 ·

98 1961 306 2062 praviffimae
335 1957 510 2052 institutis,
550 1961 723 2034 imbutam
747 1960 982 2057 sepenumero
1004 1958 1079 2031 san-

99 2085 208 2184 guine
251 2081 454 2156 miserorum
492 2081 638 2172 civium,
675 2083 855 2154 ardentem
884 2071 1090 2154 incredibili
1130 2136 1134 2143 .

79 2203 270 2277 xdesiderio
294 2205 432 2300 praedae,
459 2202 520 2276 fibi
538 2227 620 2276 vero
639 2202 725 2276 mira
744 2199 976 2275 familiaritate
994 2225 1078 2272 con-

97 2323 265 2398 ciliatam.
1129 2309 1141 2326 ⁹

100 2465 128 2502 -‘
147 2445 361 2545 XlaGenus
387 2445 436 2519 est
453 2445 642 2519 hominum
664 2447 889 2518 vehementer
912 2443 1078 2518 exercita-

98 2586 176 2640 tum
191 2565 296 2656 ferro,
322 2586 425 2664 atque
451 2566 583 2663 inopia,
611 2537 750 2638 duabus'
774 2569 877 2640 rebus
907 2567 952 2638 ad
974 2591 1080 2638 omne
1116 2649 1118 2654 ,

99 2712 210 2790 genus
235 2684 397 2760 facinoris
420 2686 689 2785 paratissimum:
718 2685 815 2782 quod
840 2683 986 2782 quidem
1009 2709 1078 2780 ego

98 2807 232 2880 civitati
245 2804 395 2899 nostrae,
410 2807 566 2880 maxime
579 2802 771 2878 debilitata
786 2803 885 2878 bellis
903 2787 1079 2894 ciuilibus,
1145 2894 1148 2902 f

98 2947 204 3027 atque
226 2927 361 3002 afflidlse
384 2927 625 3026 magnitudine
654 2923 905 3012 calamitatum,
929 2951 1078 3022 magno-

51 3111 52 3118 ,
99 3074 183 3146 pere
216 3048 526 3147 pertimescendum
557 3049 623 3120 effe
650 3043 787 3144 judico.
848 3045 950 3118 Nihil
985 3046 1107 3118 enim'

98 3169 168 3243 illis
185 3191 312 3268 praeter
330 3168 426 3266 spem
455 3190 560 3265 atque
590 3165 743 3240 animam
766 3152 916 3239 fortuna·
929 3164 1075 3238 reserva-

98 3291 175 3365 vit:
200 3292 346 3364 alteram
375 3292 421 3362 ad
450 3288 678 3362 differendam
714 3285 795 3360 vitae
829 3285 1076 3373 necessitatem,

97 3411 244 3487 alteram
267 3413 312 3485 ad
329 3410 478 3484 livorem
500 3408 601 3482 suum
626 3406 815 3505 magnifice
831 3404 1079 3495 accommoda

97 3553 183 3607 tam.
234 3531 337 3605 Nihil
360 3530 427 3604 illis
452 3528 775 3627 contemptibilius:
798 3550 887 3622 quos
909 3521 1079 3620 siquidem

96 3652 295 3730 rudimenta
310 3651 391 3726 vitae
408 3651 576 3726 traducta
597 3650 633 3722 in
655 3649 720 3720 hac
737 3642 929 3719 tenuiffima
953 3665 990 3716 re
1016 3641 1078 3712 de-

98 3775 221 3872 posita,
250 3772 398 3848 nuncin
421 3769 631 3872 gladiatoriis
655 3766 870 3856 muneribus,
895 3787 987 3840 nunc
1012 3761 1079 3836 alia

211 3897 213 3901 ,
537 3890 577 3962 U
602 3897 623 3985 3
