2662 4686
239 339 307 396 rto
430 309 1022 390 ecarmsnucusm

235 492 488 582 encomium,
523 489 583 564 sed
615 489 754 588 pariter,
794 513 835 564 ac
865 489 888 560 sr
915 485 1028 560 hostes
1057 488 1228 582 adeffent,

236 613 375 690 munito
403 613 546 714 agmine
571 612 748 702 incedere,
781 612 847 684 late
876 611 1061 708 explorare
1090 609 1229 702 omnia,

234 735 296 810 illa
319 733 506 810 deditionis
535 736 631 831 figna
659 730 812 805 ostentui
843 731 996 820 credere,
1037 730 1230 806 &insidiis

234 859 356 936 locum
373 876 515 931 tentare.
566 856 689 953 Itaque
707 853 778 952 ipse
804 880 888 928 cum
909 852 1084 952 expeditis
1101 855 1213 928 cohor

236 979 344 1070 tibus,
384 977 469 1050 item
497 973 716 1050 funditorum
745 980 779 1050 δι
808 973 1060 1076 sagittariomm
1091 975 1231 1076 deledla

237 1126 345 1176 manu
369 1098 464 1196 apud
490 1096 625 1195 primos
649 1117 743 1184 erat;
773 1097 810 1170 in
836 1097 1009 1195 postremo
1028 1097 1071 1170 C.
1091 1097 1232 1172 Marius

238 1221 376 1318 legatus
394 1243 478 1292 cum
496 1217 674 1316 equitibus
693 1220 854 1298 curabat:
881 1218 918 1290 in
935 1239 1125 1315 utrumque
1138 1211 1231 1292 latus

170 1375 176 1392 r
237 1338 435 1414 auxiliarios
463 1339 598 1438 equites
623 1339 771 1414 tribunis
788 1339 970 1440 legionum
994 1345 1028 1414 &
1057 1335 1231 1438 praefeelis
1320 1401 1321 1406 ,

238 1462 436 1538 cohortium
469 1456 723 1560 dispertiverat,
766 1462 820 1536 uti
857 1489 939 1537 cum
978 1455 1032 1534 his
1066 1457 1230 1558 permixti

237 1584 373 1675 velites,
400 1609 626 1684 quacumque
643 1587 860 1674 accederent,
887 1581 1060 1683 equitatus
1078 1581 1232 1656 hostium

239 1705 492 1804 propulsarent.
543 1707 641 1780 Nam
674 1705 711 1778 in
745 1707 920 1804 Jugurtha
958 1723 1075 1778 tantus
1108 1702 1229 1791 dolus,

238 1847 406 1927 tantaque
424 1826 547 1924 peritia
564 1827 726 1905 locorum
745 1831 778 1900 ἃ
797 1825 932 1899 militia
951 1845 1037 1916 erat,
1067 1823 1133 1914 uti,
1165 1827 1230 1896 ab·

157 1929 161 1944 ¹
238 1948 327 2040 sens,
354 1975 398 2022 an
413 1946 575 2046 praesens,
604 1972 743 2046 pacem,
771 1975 816 2021 an
845 1949 979 2022 bellum
1009 1969 1128 2046 gerens
1146 1970 1231 2040 per-

238 2070 400 2144 niciosior
416 2071 512 2158 effet,
538 2068 576 2141 in
592 2067 725 2142 incerto
741 2070 940 2142 haberetur.

288 2190 442 2264 XLVII.
470 2191 585 2262 Exnr
610 2189 706 2261 haud
725 2190 831 2286 longe
848 2189 893 2262 ab
917 2211 960 2262 eo
986 2188 1124 2278 itinere,
1154 2211 1233 2284 quo

57 2309 60 2326 '
123 2393 140 2402 ,,
238 2311 407 2386 Metellus
418 2311 601 2408 pergebat,
619 2308 794 2406 oppidum
811 2307 1065 2398 Numidarum,
1084 2309 1232 2391 nomine

239 2431 354 2530 Vaga,
372 2428 489 2512 forum
501 2457 617 2538 rerum
629 2429 807 2504 venalium
823 2429 931 2504 totius
947 2429 1047 2528 regni
1059 2449 1231 2504 maxume

241 2555 484 2639 celebratum3
514 2552 578 2626 ubi
595 2556 629 2626 δι
646 2551 814 2642 incolere,
841 2556 875 2625 &
902 2550 1050 2626 mercari
1083 2550 1229 2626 consue-

239 2693 363 2750 verant
385 2673 498 2750 Italici
516 2673 651 2774 generis
669 2671 773 2748 multi
790 2675 967 2748 mortales.
1018 2671 1106 2748 Huc
1132 2675 1232 2757 Con·

240 2796 305 2888 sul,
335 2798 436 2870 stmul
460 2796 619 2871 tentandi
648 2795 773 2896 gratia,
805 2799 1004 2894 lipaterent
1021 2794 1229 2893 opportuni*

241 2937 329 2992 tates
345 2919 429 3009 loci,
447 2917 645 3016 praefidium
662 2916 853 3017 imposuit3
881 2937 1047 3015 praterea
1080 2916 1230 3016 impera·
1321 2897 1322 2902 Ἰ

159 3057 161 3064 ”
242 3037 293 3112 vit
320 3036 553 3130 frumentum,
586 3043 619 3112 δι
649 3038 728 3128 alia,
763 3065 843 3137 quae
866 3040 963 3112 bello
996 3036 1070 3112 usui
1086 3036 1228 3112 forent:
1256 3094 1261 3101 .

152 3239 154 3244 ¹
239 3177 332 3231 ratus
358 3157 411 3247 id,
446 3160 544 3255 quod
569 3184 623 3232 res
651 3163 833 3250 monebat,
858 3159 1093 3259 frequentiam
1119 3177 1231 3257 nego*

176 3303 183 3328 ⁸
241 3274 410 3380 tiatorum
442 3284 476 3352 δε
508 3299 746 3354 commeatum
776 3275 996 3379 [juraturum
1013 3277 1231 3377 exercitum]

192 3391 200 3402 ’
242 3399 350 3474 etiarn
376 3398 500 3496 paratis
530 3401 633 3472 rebus
661 3389 885 3475 munimento
909 3403 993 3476 fore.
1044 3403 1140 3475 Inter
1155 3403 1232 3474 haec

242 3520 387 3620 negotia
403 3521 579 3619 Ju'gurtha
595 3519 783 3618 impenfius
809 3524 919 3597 modo
935 3526 1070 3623 legatos
1098 3522 1230 3621 suppli·

196 3670 199 3680 ¹
244 3665 301 3714 ces
314 3640 463 3734 mittere,
482 3666 606 3740 pacem
623 3668 746 3717 orare:
773 3665 895 3742 praeter
907 3642 1003 3718 suam
1022 3628 1229 3718 liberorum-

245 3787 315 3860 que
341 3763 464 3856 vitam,
496 3763 617 3838 omnia
645 3766 795 3840 Metello
821 3765 959 3840 dedere.
1010 3769 1111 3866 Qus
1128 3765 1227 3855 item,
