2662 4686
238 299 305 374 128
452 269 1040 378 c.ct1s1=1‚sht1,usr11

234 477 262 514 “
279 492 356 546 tum
387 452 612 569 petiturum.”
673 471 707 542 Is
731 492 776 541 eo
802 485 961 564 tempore
982 463 1221 542 contubernio

232 593 341 692 patris
374 591 508 666 ibidem
537 589 723 678 militabat,
753 612 863 660 annos
879 605 981 660 natus
998 584 1134 660 circiter
1150 615 1219 662 xx.

234 739 313 810 quae
331 739 384 788 res
401 712 558 786 Marium
575 735 658 784 eum
676 734 741 806 pro
757 710 905 797 honore,
929 717 1036 805 qdem
1062 705 1219 784 adferta-

235 837 310 926 bat,
340 853 419 908 tum
444 853 567 906 contra
589 832 780 906 Metellum
801 831 1027 902 vehementer
1043 831 1219 904 accende-

234 975 296 1028 tat.
321 957 374 1028 Ita
390 951 553 1053 cupidine
565 971 671 1050 atque
688 951 750 1041 ira,
768 950 934 1049 pessumis
946 947 1218 1046 consultoribus,

235 1075 397 1176 grassari:
420 1099 537 1172 neque
565 1073 658 1147 sasto
673 1075 761 1162 ullo,
785 1096 902 1169 neque
919 1070 1014 1144 disto
1031 1072 1217 1166 abstinete,

235 1198 333 1296 quod
350 1195 459 1268 modo
476 1193 700 1268 ambitiosum
716 1191 830 1266 foret:
858 1191 999 1283 milites,
1023 1193 1154 1290 quibus
1179 1196 1219 1271 in

234 1316 390 1420 hibernis
417 1336 577 1414 praeerat,
610 1315 741 1388 laxiore
775 1313 936 1412 imperio,
963 1339 1072 1410 quarn
1102 1336 1219 1409 antea,

233 1439 387 1512 habere:
416 1439 511 1536 apud
538 1437 787 1536 negotiatores,
807 1461 960 1534 quorum
977 1461 1106 1534 magna
1124 1440 1219 1511 mul-

234 1559 348 1633 titudo
364 1559 479 1633 Utieae
497 1577 584 1649 erat,
615 1555 800 1632 criminose
817 1559 931 1648 fimul,
962 1561 995 1631 dr
1025 1559 1220 1657 magnifice

233 1681 392 1754 debello
411 1679 526 1778 loqui:
555 1687 584 1722 ‘⁶
603 1677 751 1752 dimidia
768 1705 844 1776 pars
869 1678 1039 1754 exercitus
1056 1681 1117 1754 fibi
1138 1707 1217 1779 per-

235 1807 264 1842 “
282 1801 489 1891 mitteretur,
509 1799 627 1898 paucis
653 1799 777 1874 diebus
794 1801 1009 1897 Jugurtham
1032 1801 1070 1873 in
1085 1799 1224 1876 catenis

234 1928 264 1964 “
283 1921 503 1994 habiturum':
530 1923 575 1994 ab
592 1921 802 2018 imperatore
819 1921 975 1996 consulto
991 1920 1093 2010 trahi,
1118 1924 1225 2018 quod

236 2048 264 2084 “
281 2043 391 2114 homo
408 2041 518 2114 inanis
549 2047 583 2114 δε
612 2041 718 2138 regiae
737 2042 906 2140 superbiae
934 2041 1082 2141 imperio
1098 2041 1223 2117 'nimis

236 2166 264 2204 “
284 2161 484 2258 gauderet.'’
534 2163 625 2258 Qrae
647 2163 766 2234 omnia
788 2162 855 2234 illis
872 2188 914 2235 eo
936 2163 1093 2236 firmiora
1119 2155 1221 2236 vide-

233 2285 375 2371 bantur,
406 2282 504 2379 quod
525 2280 751 2354 diuturnitate
765 2281 848 2355 belli
866 2307 920 2354 res
935 2281 1113 2357 familiaris
1139 2311 1219 2358 cor-

186 2397 189 2403 ’
234 2419 409 2500 ruperant,
436 2406 470 2474 δι
497 2399 615 2474 animo
633 2400 788 2504 cupienti
804 2400 892 2474 nihil
909 2401 987 2476 satis
1003 2401 1193 2479 festinatur.

274 2524 401 2622 LXV.
429 2524 542 2596 ERAT
577 2543 741 2620 praeterea
766 2523 803 2596 in
829 2522 984 2598 exercitu
1001 2525 1119 2599 nostro
1138 2530 1218 2602 Nu-

235 2645 332 2719 mida
350 2644 508 2743 quidam,
527 2646 670 2719 nomine
686 2646 827 2736 Gauda,
845 2645 1095 2720 Mastanabalis
1111 2647 1219 2739 filius,

232 2766 420 2840 Masinissa
436 2793 559 2865 nepoS,
584 2794 692 2865 quem
707 2765 858 2864 Micipsa
873 2766 1081 2841 testamento
1098 2766 1220 2842 secun-

234 2890 324 2960 dum
348 2889 512 2962 heredem
533 2887 721 2986 scripserat,
744 2881 876 2962 morbis
891 2886 1084 2979 consessus,
1115 2891 1149 2960 ἃ
1171 2891 1222 2963 ob

235 3031 314 3080 eam
330 3010 483 3080 caussam
501 3028 618 3082 mente
636 3011 795 3107 paullum
808 3009 1003 3082 imminuta.
1054 3009 1124 3082 Cui
1135 3013 1220 3084 Me-

207 3188 208 3194 ,
233 3127 337 3199 tellus
354 3127 500 3223 petenti,
529 3153 629 3201 more
645 3157 769 3228 regum
785 3131 836 3203 uti
851 3130 970 3204 sellam
981 3128 1087 3228 juxta
1108 3155 1220 3227 pone-

154 3243 159 3250 ’
234 3243 304 3333 ret:
325 3246 410 3320 item
428 3247 548 3344 postea
572 3249 735 3323 eustodiae
759 3253 872 3326 caussa
893 3231 1047 3326 turmam
1059 3249 1223 3348 equiturn

236 3371 498 3458 Romanorum,
535 3388 726 3468 utrumque
747 3393 979 3471 negaverat:
1031 3375 1221 3460 honorem,

237 3491 335 3588 quod
353 3515 477 3562 eorum
499 3490 608 3562 modo
632 3489 733 3584 soret,
752 3519 840 3591 quos
858 3495 1011 3592 populus
1033 3496 1222 3568 Romanus

236 3633 335 3706 reges
355 3609 614 3707 adpellavisset3
642 3613 851 3709 praefidium,
871 3616 970 3712 quod
987 3613 1220 3688 contumelio·
1315 3653 1316 3658 κ

236 3726 313 3803 sum
329 3729 365 3802 in
383 3756 443 3805 eos
467 3729 568 3824 soret,
596 3735 620 3807 fi
637 3733 769 3833 equites
786 3733 943 3837 Romani
960 3732 1121 3810 satellites
1138 3735 1219 3810 Nu-¹
