2672 4682
426 289 780 382 Jucunrun.
854 384 857 395 s
1078 320 1120 400 μ

113 465 254 562 Itaque
277 481 421 558 tempus
449 462 496 535 ad
511 481 698 562 utramque
726 488 803 538 rem
832 464 1042 560 decernitur,
1066 467 1127 546 sed

121 583 306 658 maturius
341 585 389 656 ad
415 583 608 682 pecuniam.
633 584 924 660 distribuendam.
992 591 1127 688 Reguli

119 705 265 780 interea
281 705 321 778 in
337 707 416 780 loca
434 706 632 807 propinqua
655 705 820 782 thesauris
837 707 924 807 alius
949 707 1017 786 alio
1040 735 1126 784 con·
1234 739 1246 752 -

123 831 273 902 cessere.
300 881 303 886 -
324 829 394 910 Sed
408 825 595 926 Hiempsal
622 827 659 901 in
685 827 821 928 oppido
832 829 1019 907 Thirmida
1036 829 1128 906 forte

120 947 204 1049 ejus
221 951 337 1024 domo
354 952 532 1042 utebatur,
561 950 623 1048 qui
647 975 842 1047 proxumus
871 951 971 1026 liuor
993 956 1127 1052 Jugur·

122 1074 218 1164 thae,
240 1087 342 1146 carus
358 1070 591 1170 acceptusque
606 1070 742 1170 semper
755 1072 876 1146 fuerat.
927 1077 1046 1173 Qem
1068 1077 1128 1150 ille

123 1193 213 1268 casu
226 1193 429 1267 ministrum
448 1195 608 1267 oblatum
626 1193 796 1290 promiffis
813 1215 947 1287 onerat,
965 1196 1017 1270 uti
1035 1218 1127 1270 tarn-

125 1341 247 1412 quam
274 1315 372 1390 suam
400 1313 512 1388 visens
529 1316 680 1389 domum
709 1334 778 1406 eat,
810 1313 998 1414 portarum
1017 1318 1127 1392 clavis

128 1437 347 1511 adulterinas
365 1452 492 1533 paret:
524 1463 607 1510 nam
621 1463 711 1512 vera
739 1438 784 1512 ad
810 1437 1055 1536 Hiempsalem
1074 1465 1128 1514 rea
1221 1427 1223 1434 i

130 1555 348 1634 serebantur.
400 1559 580 1648 Ceterum,
605 1558 669 1634 ubi
698 1584 751 1632 res
780 1559 984 1655 postularet,
1013 1559 1047 1634 se
1073 1562 1128 1660 ip-

129 1678 213 1752 sum
230 1707 315 1754 curn
331 1705 463 1778 magua
480 1705 588 1754 manu
604 1701 805 1754 venturum.
843 1680 1012 1766 Numida
1028 1708 1128 1756 man·
1175 1757 1178 1775 ,

131 1801 222 1874 data
236 1800 337 1876 brevi
353 1800 527 1876 confecit:
553 1822 674 1900 atque,
709 1821 749 1878 ut
766 1801 891 1876 doctus
910 1821 994 1891 erat,
1021 1805 1130 1880 noctu

131 1923 329 2023 Jugurthae
364 1921 491 1996 milites
520 1921 722 1999 introducit.
772 1921 847 2022 Qri
876 1922 1064 2021 postquam
1091 1923 1129 1999 in
1239 1971 1244 1982 ·

132 2043 226 2116 aedis
256 2043 423 2140 irrupere,
455 2043 579 2118 diversr
597 2070 719 2144 regem
737 2070 916 2143 quarere:
949 2043 1132 2118 dormien-¹

136 2162 187 2236 tis
203 2162 303 2264 alios,
321 2163 404 2238 alios
421 2164 631 2243 occursantis
644 2166 864 2244 interficere:
889 2166 1028 2246 scutati
1049 2168 1131 2248 loca
1203 2185 1206 2195 '

135 2283 285 2378 abdita3
323 2285 438 2368 clausa
471 2289 683 2388 effringere:
721 2288 868 2386 strepitu
905 2294 939 2362 dc
973 2291 1131 2365 tumultu

135 2407 258 2483 omnia
275 2407 443 2483 miscere:
475 2437 559 2484 curn
586 2409 773 2508 Hiempsal
789 2410 927 2491 interim
944 2407 1130 2509 reperitur,

134 2533 320 2628 occultans
336 2529 403 2606 sese
419 2531 560 2632 tugurio
579 2531 733 2610 mulieris
752 2531 902 2623 ancilla,
935 2559 1008 2629 quo
1030 2532 1132 2608 initio

137 2651 289 2748 pavidus
318 2655 352 2726 δι
379 2651 520 2752 ignarus
537 2653 606 2726 loci
624 2651 835 2751 perfugerat..
883 2652 1054 2726 Numidae
1072 2679 1129 2726 ca-

139 2793 205 2870 put
220 2771 308 2872 ejus,
335 2793 375 2847 ut
389 2752 470 2872 juffi
488 2794 597 2866 erant,
622 2775 669 2848 ad
686 2774 902 2872 Jugurtham
918 2772 1081 2847 referunt.

184 2897 291 2970 XIII.
316 2897 516 2971 Caranum
546 2895 641 2974 sarna
668 2894 756 2975 tanti
778 2894 941 2998 facinoris
963 2921 1027 2994 per
1052 2922 1131 2970 om.

137 3042 223 3090 nem
242 3015 405 3091 Africam
421 3017 519 3093 brevi
536 3017 763 3123 divulgatum
796 3019 1038 3097 Adherbalem
1051 3045 1130 3092 om-

138 3137 278 3236 nisque,
306 3139 367 3238 qui
384 3138 448 3214 sub
467 3139 616 3238 irnperio
640 3138 803 3238 Micipsa
828 3137 977 3232 fuerant,
1016 3161 1131 3214 metus

138 3258 288 3340 invadit.
339 3264 382 3334 ln
416 3263 504 3366 duas
533 3261 638 3360 partis
670 3260 877 3335 discedunt:
909 3264 1024 3360 plures
1053 3261 1132 3334 Ad-

138 3381 323 3459 herbalem
341 3380 545 3481 sequuntur,
573 3380 632 3466 sed
657 3383 760 3456 illum
776 3383 924 3456 alterum
943 3383 1038 3456 bello
1056 3407 1131 3454 me-

66 3479 70 3497 ’
141 3500 256 3578 liores.
308 3503 421 3602 Igimr
450 3505 631 3603 Jugurtha
657 3526 768 3604 ¹quarn
797 3531 981 3582 maxumas
1018 3504 1132 3601 potest

141 3624 262 3722 copias
279 3647 413 3698 armat:
438 3625 534 3700 urbis
551 3625 680 3723 partim
697 3625 747 3716 vi,
768 3625 849 3698 alias
867 3625 1048 3700 voluntate
1063 3624 1132 3698 im-

139 3744 242 3848 perio
266 3745 328 3828 suo
346 3746 532 3853 adjungit:
549 3747 662 3840 qomni
678 3747 862 3859 Numidiae
879 3731 1052 3852 imperare
1069 3772 1132 3854 pa*

608 3870 689 3965 F4
