2672 4682
550 280 845 360 Car-rami.
1182 307 1202 383 7

216 460 316 536 labos
338 451 512 548 insolitos,
541 482 614 532 non
642 459 739 532 locus
755 459 848 532 ullus
864 455 973 557 asper,
995 478 1055 534 aut
1075 459 1204 534 arduus

219 601 313 654 erat:
353 605 427 654 non
460 577 610 654 armatus
650 579 755 656 hostis
788 577 1060 654 formidolosus:
1096 579 1205 656 uirtus

218 700 338 776 onmia
366 702 561 780 domuerat.
623 697 692 774 Sed
716 701 836 800 gloria
860 726 1069 776 maxumum
1095 721 1203 774 certa·
1306 793 1310 800 Ι

215 849 301 898 men
324 823 416 896 inter
438 820 529 919 ipsos
552 841 648 900 erat:
672 820 739 898 sese
754 820 907 921 ,quisque
931 823 1071 905 hostem
1086 821 1202 912 ferire,
1263 843 1268 850 ’

215 969 362 1022 murum
395 941 617 1033 adscendere,
648 941 816 1042 conspici,
850 945 938 1018 dum
975 945 1044 1017 tale
1071 943 1204 1018 facinus
1248 971 1251 979 ’

213 1059 359 1157 faceret',
390 1066 621 1162 properabat:
645 1089 701 1141 eas
728 1064 880 1156 divitias,
901 1091 979 1138 eam
1000 1067 1131 1139 bonam
1152 1065 1219 1160 fag

215 1213 316 1264 mam
335 1211 578 1285 magnamque
600 1185 821 1261 nobilitatem
855 1189 1051 1282 putabant:
1093 1187 1205 1262 laudis

118 1291 121 1298 ¹
214 1307 328 1398 avidi,
355 1308 514 1406 pecunia
531 1307 690 1402 liberales
702 1326 822 1380 erant:
849 1307 996 1405 gloriam
1008 1307 1203 1407 ingentem,
1302 1297 1306 1304 ’

215 1428 357 1504 divitias
386 1428 548 1502 honestas
574 1429 751 1504 volebant.
818 1417 1022 1506 Memorare
1053 1432 1236 1528 pollem,¹

216 1551 348 1649 quibus
377 1549 529 1624 inlocis
553 1575 738 1626 maxumas
763 1549 916 1624 hostium
940 1551 1059 1648 copias
1088 1577 1203 1648 popu·

217 1675 274 1748 lus
300 1676 486 1748 Romanus
514 1697 621 1768 parva
650 1697 759 1749 manu
792 1669 933 1760 fuderit,
970 1698 1057 1768 quas
1095 1673 1202 1767 urbis,

217 1812 342 1868 natura
385 1791 549 1882 munitas,
586 1793 779 1891 pugnando
816 1791 945 1890 ceperit
957 1807 980 1879 3'
1006 1791 1043 1866 ni
1078 1817 1118 1866 ea
1152 1818 1218 1868 rea

217 1912 357 2011 longius
374 1915 420 1986 ab
435 1913 579 2010 incepto
593 1916 757 1989 traheret.

267 2033 369 2108 Vlll.
379 2035 451 2110 Seu
465 2031 624 2131 profecto
637 2033 774 2110 fortuna
784 2035 821 2110 in
832 2035 927 2110 omni
937 2062 974 2110 re
984 2034 1202 2115 dominatur:
1303 2040 1307 2048 '

220 2179 262 2228 ea
279 2179 332 2227 res
349 2157 490 2230 cunetas.
500 2181 545 2230 ex
558 2155 717 2232 lubidine
731 2157 858 2256 magis,
871 2183 1034 2256 quarnex
1046 2155 1130 2230 vero
1148 2179 1204 2230 ce·

217 2277 332 2350 lebrat
348 2274 592 2375 obscuratque.
619 2277 884 2354 Atheniensium
902 2304 954 2352 res
964 2257 1090 2378 ⁸gesta,
1110 2276 1206 2351 sicuti

215 2424 285 2497 ego
313 2399 475 2490 aestumo,
502 2396 589 2471 ‘satis
619 2402 747 2498 amplae
780 2400 1050 2500 magnificaque
1084 2397 1203 2486 fuere3

213 2545 338 2594 verum
362 2519 541 2618 aliquanto
561 2519 712 2598 minores
736 2541 868 2612 tamen,
895 2547 1005 2620 quam
1032 2519 1126 2596 sama
1150 2518 1201 2592 se-

216 2661 352 2716 runtur.
395 2642 463 2716 Sed
480 2640 563 2740 quia
576 2667 769 2738 provenere
785 2643 834 2716 ibi
850 2639 1058 2740 scriptomm
1076 2665 1205 2738 magna

218 2759 372 2860 ingenia,
404 2787 465 2859 per
492 2783 664 2839 terrarum
689 2765 811 2840 orbem
832 2759 1205 2840 Athenienfiumfaeta

215 2908 280 2982 pro
297 2882 475 2962 maxumis
491 2885 718 2962 celebrantur.
768 2885 822 2960 Ita
838 2907 976 2972 eorum,
996 2881 1058 2980 qui
1074 2879 1200 2972 fecere,

218 3003 328 3080 virtus
351 3023 446 3081 tanta
472 3005 632 3096 habetur,
661 3018 832 3104 quantum
859 3002 973 3080 verbis
997 3028 1075 3108 eam
1100 3024 1204 3102 potu-

216 3149 276 3198 ere
294 3126 459 3201 extollere
473 3126 641 3228 praeclara
657 3125 810 3224 ingenia.
837 3131 887 3200 At
916 3125 1050 3224 populo
1068 3128 1203 3198 Roma-

214 3271 264 3320 no
284 3271 483 3345 numquam
501 3273 541 3322 ea
558 3227 661 3346 copia
677 3244 766 3320 suit:
799 3245 882 3345 quia
906 3245 1204 3344 prudentissumus

216 3363 366 3467 quisque
389 3367 588 3468 negotiosus
612 3393 780 3444 maxume
807 3387 901 3441 erat:
930 3363 1114 3466 ingenium
1144 3389 1204 3440 ne·

219 3511 280 3560 mo
308 3491 377 3562 stne
395 3469 539 3586 corpore
556 3491 763 3566 exercebat:
792 3508 961 3589 optumus
986 3483 1129 3584 quisque
1152 3483 1203 3559 sa-

220 3629 307 3698 cere‚
337 3634 446 3706 quam
464 3609 602 3698 dicere3
633 3610 690 3687 sua
706 3612 751 3686 ab
768 3608 842 3682 aliis
859 3606 1039 3686 benefacta
1055 3605 1202 3698 laudari,

218 3751 327 3829 quam
343 3727 414 3828 ipse
430 3729 578 3806 aliomm
600 3755 735 3804 narrare
757 3731 918 3806 malebat.

660 3853 689 3926 Β
717 3876 742 3943 4
