2662 4686
401 327 742 424 Joeu'tr‘rrtn.
1018 339 1119 431 ης·

99 497 206 583 midae
227 501 421 602 persuadet,
449 527 533 604 cum
550 505 693 606 ingenio
711 504 838 594 infido,
865 519 943 576 tum
970 512 1085 581 metu-

99 627 183 717 enti,
229 652 288 716 ne,
322 631 357 700 srw
373 651 444 724 pax
472 653 557 701 cum
588 625 759 701 Romanis
786 626 898 714 fieret,
925 625 995 723 ipse
1025 653 1086 724 per

98 743 322 822 'conditiones
347 749 392 820 ad
416 732 628 846 supplicium
653 749 853 822 traderetur.

146 870 268 942 LXII.
307 869 357 958 Is,
394 869 456 942 ubi
485 869 641 967 primum
667 863 920 967 opportunum,
955 871 1086 966 Jugnr-

98 991 197 1064 tham
226 988 375 1062 anxium
404 1015 444 1064 ac
469 990 688 1064 miserantem
715 989 871 1064 fortunas
895 988 969 1062 suas
987 1013 1090 1087 acce--

98 1111 173 1184 dit:
218 1129 341 1202 monet
368 1129 474 1210 atque
500 1099 708 1185 'lacrumans
742 1112 942 1201 obtestatur,
979 1118 1006 1157 “
1035 1109 1087 1184 uti

100 1231 338 1329 “aliquando
361 1231 423 1304 fibi
448 1231 632 1331 liberisque
657 1237 690 1306 δε
717 1234 812 1333 genti
829 1231 1085 1320 Numidarum,

100 1359 300 1450 “optume
326 1352 488 1444 merenti,
520 1353 728 1451 provideat:
767 1354 932 1428 omnibus
962 1352 1086 1452 praeliis

98 1483 128 1518 “
146 1473 215 1548 sese
244 1473 370 1564 vidos,
397 1501 524 1572 agrum
551 1476 736 1565 vastatum,
773 1479 904 1550 multos
931 1476 1086 1549 mortalis

101 1602 131 1638 “
149 1615 270 1693 captos
289 1613 350 1669 aut
366 1594 510 1686 occisos,
525 1595 625 1694 regni
641 1621 725 1694 opes
743 1597 976 1672 comminutas
992 1599 1084 1687 effer
1159 1647 1168 1666 .
1185 1595 1188 1601 ’

100 1723 129 1759 “
147 1716 224 1790 satis
240 1714 332 1814 saepe
342 1715 418 1816 jam
435 1722 468 1790 ὅτ
486 1716 653 1790 virtutem
670 1717 838 1807 militum,
855 1717 1087 1791 &fortunam
1106 1704 1117 1764 ,⁸

100 1845 128 1880 “
147 1857 339 1912 tentatam:
374 1845 526 1928 caveret,
553 1863 611 1928 ne,
638 1837 700 1910 illo
729 1841 929 1930 tundante,
955 1839 1086 1911 Numi-

99 1965 129 2001 “
147 1961 203 2034 dae
222 1959 285 2033 fibi
303 1958 520 2032 consulant.’'
571 1959 641 2032 His
668 1977 773 2057 atque
797 1959 923 2033 talibus
941 1959 1015 2032 aliis
1040 1960 1087 2032 ad

98 2079 321 2154 deditionem
337 2079 426 2178 regis
443 2079 602 2154 animum
618 2081 777 2178 impellit.
827 2080 1022 2155 Mittuntur
1041 2083 1087 2154 ad

97 2202 347 2299 imperatorem
373 2201 502 2300 legati:
534 2209 562 2244 “
580 2204 794 2300 Jugurtham
818 2202 989 2300 imperata
1013 2202 1085 2277 fac-

99 2332 128 2367 “
147 2343 282 2413 turum,
308 2349 348 2395 ac
379 2326 448 2395 fine
476 2324 548 2396 ulla
578 2323 737 2420 padione'
764 2322 831 2397 sese
863 2332 1087 2424 regnumque

98 2443 297 2518 “suumin
320 2443 410 2516 illius
432 2444 723 2552 fidemtradere.''
752 2447 923 2519 Metellus
936 2472 1086 2543 propere

97 2567 245 2640 cunttos
273 2565 440 2638 Senatorii
467 2565 599 2638 ordinis
623 2592 668 2640 ex
693 2565 847 2639 hibernis
872 2567 1015 2640 arceffiri
1026 2564 1086 2661 ju·
1195 2585 1197 2594 ’

96 2690 157 2762 bet
174 2715 183 2758 ε
204 2711 329 2760 eorum
346 2706 450 2785 atque
466 2685 629 2776 aliorum,
650 2713 737 2784 quos
755 2685 900 2758 idoneos
918 2687 1084 2774 ducebat,

97 2807 281 2882 confilium
297 2809 414 2880 habet.
465 2809 518 2880 lta
538 2833 636 2881 more
663 2805 851 2903 majorum,
878 2831 923 2878 ex
953 2787 1086 2881 confilii

97 2930 254 3018 decret0,
281 2951 344 3024 per
376 2930 509 3026 legatos
535 2930 719 3026 Jugurthae
745 2927 908 3024 imperat,
950 2925 1088 3026 argenti
1126 2969 1132 2988 ·

96 3051 222 3150 pondo
240 3051 390 3122 ducenta
407 3049 529 3140 millia,
549 3051 751 3146 elephantos
765 3047 893 3138 omnis,
912 3072 1087 3146 equorum
1167 3081 1169 3096 ⁴

97 3177 130 3246 δι
159 3195 340 3246 armorum
373 3171 602 3268 aliquantum.
664 3176 754 3270 Qae
797 3170 984 3268 postquam
1018 3175 1090 3244 fine

98 3320 197 3368 mora
214 3291 307 3365 sabla
323 3292 414 3382 sunt,
436 3289 538 3390 jubet
554 3292 669 3366 omnis
692 3289 854 3391 perfugas
871 3292 1007 3366 vindos
1024 3291 1086 3362 ad-

96 3415 190 3490 duci.
244 3416 382 3487 Eorum
410 3439 540 3510 magna
571 3441 660 3510 pars,
690 3433 729 3487 ut
750 3411 883 3510 julium
908 3430 993 3500 erat,
1023 3410 1086 3481 ad·

97 3536 217 3610 dotti:
260 3535 378 3633 pauci,
417 3561 501 3608 cum
530 3534 683 3632 primum
713 3533 848 3640 deditio
881 3531 1002 3628 coepit,
1041 3531 1088 3604 ad

96 3681 218 3756 regem
228 3657 414 3730 Bocchum
431 3655 468 3729 in
482 3655 740 3730 Mauretaniam
757 3654 924 3728 abierant.
974 3651 1088 3752 Igitur

98 3780 289 3878 jugurtha,
315 3777 379 3852 ubi
395 3777 498 3854 armis
523 3775 725 3880 virisque&
743 3773 890 3874 pecunia
906 3771 1084 3880 spoliatus,

184 3896 186 3908 ,
725 3883 734 3912 ,
1198 3889 1201 3904 ,
