2662 4686
246 385 315 464 134
469 354 1068 442 C.Cu1ssrsrcwsr1'1

245 561 345 612 mans
375 537 563 612 obtestatur
591 543 620 582 “
639 561 702 636 per
715 533 920 627 amicitiam,
939 559 1072 636 perque
1088 535 1148 610 sua
1162 561 1228 611 an-

247 667 276 704 “
295 677 350 736 tea
366 659 513 733 fideliter
528 659 616 749 atta,
643 683 687 730 ne
703 656 801 758 super
816 656 877 732 tali
892 654 1016 734 scelere
1031 654 1228 756 suspectum

247 785 275 823 “
292 776 360 858 seso
387 781 566 858 haberetr’
710 771 714 778 ’
1169 803 1173 810 ·

251 956 253 966 ·
306 902 462 978 LXXII.
489 907 551 974 Ao
569 925 610 976 ea
625 925 688 977 rex
703 901 816 992 aliter,
845 920 949 1000 atque
975 897 1093 974 animo
1126 925 1225 1001 gere-

245 1025 320 1114 bat,
340 1021 476 1122 placide
493 1023 682 1119 respondit.
723 1022 916 1098 Bomilcare
932 1021 1072 1119 aliisque
1089 1023 1225 1115 multis,

245 1167 334 1242 quos
346 1141 456 1218 socios
469 1143 667 1218 infidiatum
680 1162 908 1243 cognoverat,
917 1141 1121 1234 ›intersedis,
1136 1143 1225 1220 iram

245 1265 472 1362 opprellerat:
500 1289 544 1338 ne
561 1291 632 1364 qua
648 1289 692 1339 ex
709 1289 752 1338 eo
769 1263 910 1362 negotio
927 1261 1047 1336 seditio
1064 1263 1224 1342 oriretur.

242 1389 374 1484 Neque
390 1386 468 1483 post
496 1385 534 1462 id
562 1387 721 1460 locorum
738 1386 923 1484 Jugurthae
940 1382 1028 1474 diet,
1058 1403 1118 1459 aut
1149 1411 1223 1460 nox

240 1508 313 1582 ulla
345 1508 464 1605 quieta
496 1507 616 1582 fuere:
653 1533 767 1607 neque
808 1509 903 1597 loco,
937 1531 1051 1605 neque
1084 1505 1225 1582 mortali

241 1628 423 1726 cuiquam,
450 1649 510 1702 aut
526 1630 678 1726 tempori
694 1628 769 1703 satis
787 1629 949 1702 credere:
977 1627 1078 1718 civis,
1112 1628 1222 1702 hostis
1237 1657 1242 1662 ·

235 1749 337 1854 juxta
366 1769 543 1824 metuere:
580 1747 871 1848 circumspectare
894 1747 1027 1840 omnia,
1058 1753 1092 1822 δι
1121 1749 1224 1822 omni

238 1871 381 1969 strepitu
398 1868 595 1968 pavescere:
621 1869 689 1944 alio
705 1889 810 1972 atque
826 1869 895 1944 alio
912 1871 1005 1962 loco,
1028 1868 1118 1965 sape
1133 1895 1223 1945 con-

238 2013 293 2065 tra
325 1993 430 2079 decus
464 1991 602 2089 regium
635 1995 742 2070 nostu
775 1991 1008 2090 requiescere:
1042 1989 1224 2075 Interdum

237 2111 361 2184 somno
389 2111 538 2202 excitus,
566 2112 708 2210 arreptis
735 2111 839 2187 armis
872 2115 1065 2188 tumultum
1093 2108 1223 2196 facere.

238 2235 292 2314 Ita
308 2230 507 2321 formidine,
535 2235 628 2330 quafi
646 2231 822 2322 vecordia,
849 2232 1032 2330 exagitari.
1324 2217 1325 2224 ἵ

286 2353 460 2428 LXXIII.
486 2355 629 2428 lemur
661 2354 842 2444 Metellus,
876 2352 939 2427 ubi
968 2355 1014 2427 de
1042 2352 1122 2426 casu
1151 2355 1221 2428 uo.-
1323 2435 1324 2442 .

113 2574 117 2585 1
237 2474 388 2550 milcaris
407 2479 439 2548 a
458 2472 589 2548 indicio
606 2471 778 2572 patefacto
796 2499 841 2548 ex
859 2471 1016 2573 perfugis
1032 2475 1216 2572 cognovit,
1323 2521 1324 2550 t

236 2596 365 2687 rursus,
382 2615 562 2694 tamquam
590 2596 636 2669 ad
660 2594 837 2694 integmm
853 2596 999 2686 bellum,
1014 2597 1139 2670 cunda
1155 2622 1219 2693 pa·

169 2707 198 2826 ’ἢ
234 2740 288 2800 rat
310 2719 525 2817 festinatque.
576 2716 750 2808 Marium,
769 2715 975 2816 fatigantem
991 2716 1036 2790 de
1054 2716 1220 2814 profecti..

235 2867 319 2932 one,
343 2841 443 2914 fimul
468 2844 502 2913 a
526 2837 690 2930 invitum,
717 2837 946 2914 &offensum
979 2837 1055 2929 fibi,
1089 2861 1215 2936 parum
1322 2819 1323 2846 ¹

234 2957 404 3033 idoneum
422 2979 527 3050 ratus,
550 2961 700 3038 domum
717 2959 875 3034 dimittit.
926 2962 975 3036 Et
992 2963 1120 3034 Roma
1138 2943 1214 3058 ple-

232 3083 309 3170 bes,
328 3080 465 3170 litteris,
484 3106 562 3177 quae
579 3083 624 3156 de
637 3082 787 3173 Metello
800 3107 839 3155 ac
851 3081 971 3162 Mario
984 3079 1231 3173 miss'aeerant,-·

234 3200 400 3301 cognitis,
429 3200 562 3274 volenti
590 3201 709 3276 animo
725 3201 787 3275 ·de
809 3203 982 3275 ambobus
1000 3225 1216 3302 acceperant.

233 3320 439 3423 Imperatori
465 3321 641 3412 nobilitas,
677 3347 756 3419 quae
784 3343 886 3396 antea
913 3323 1046 3415 decori,
1070 3324 1213 3411 invidia

234 3447 325 3519 elle:
356 3441 458 3516 atilli
475 3441 571 3515 alteri
589 3439 724 3542 generis
740 3443 917 3517 humilitas
934 3442 1090 3518 favorem
1114 3443 1213 3518 addi·

232 3569 343 3642 derat.
393 3564 557 3637 Ceterum
571 3562 608 3639 in
625 3582 777 3661 utroque
789 3563 900 3664 magis
914 3563 1025 3639 studia
1042 3564 1212 3664 partium,
1319 3613 1320 3630 2

233 3711 340 3784 quam
367 3687 475 3775 bona,
503 3704 562 3759 aut
591 3685 683 3760 mala
710 3683 769 3780 sua
797 3684 985 3760 moderata.
1043 3689 1213 3762 Praeterea

231 3805 375 3909 seditiofi
397 3805 619 3912 magistratus
642 3807 791 3908 volgum
816 3804 1004 3904 exagitare,
1020 3809 1213 3889 Metellum
1318 3895 1319 3900 Ἰ
