2664 4692
149 391 153 405 '
228 401 300 476 234
422 419 428 446 t
492 367 975 446 SannusrrrHrsr.

228 549 351 622 nibalis
368 546 438 622 illic
455 546 601 645 sepulto,
630 544 691 642 qui
718 542 828 617 fuerat
856 539 985 616 occisus
1011 565 1071 638 per
1097 539 1203 640 igno·

227 670 375 744 tantiam
393 667 496 766 regis,
521 693 604 740 cum
632 665 665 738 se
692 663 764 763 ejus
787 665 871 736 dolo
883 663 1033 736 crederet
1055 663 1122 735 ell'e
1138 662 1204 735 de·

228 809 382 888 ceptum.
432 791 564 860 Servius
581 787 620 858 &
637 786 779 878 Istdorus.

202 997 205 1010 Ι
279 910 456 997 Aristaeus,
473 907 523 981 uti
541 905 717 980 Sallustius
741 907 858 1006 docet,
885 905 960 1002 post
986 902 1205 976 laniatuma

229 1030 373 1106 canibus
393 1029 596 1102 Adaeonem
613 1027 725 1100 lilium
744 1026 861 1098 matris
877 1025 1038 1098 instinctu
1059 1025 1206 1096 Thebas

228 1151 379 1249 reliquit,
397 1154 429 1222 ὅτ
448 1149 557 1222 Ceam
574 1147 718 1220 insulam
732 1146 854 1238 tenuit,
880 1146 992 1244 primo
1009 1145 1123 1219 adhuc
1137 1145 1204 1216 ho·

175 1325 182 1338 .
230 1270 383 1346 minibus
399 1293 570 1342 vacuam:
598 1268 727 1364 postea,
747 1293 787 1340 ea
804 1266 934 1356 relicta,
956 1291 1039 1338 cum
1055 1267 1207 1338 Daedalo

230 1393 265 1466 in
296 1389 487 1464 Sardiniam
517 1387 682 1478 transivit,
714 1387 790 1485 post
819 1389 952 1462 delatus
980 1387 1027 1460 est
1060 1387 1204 1458 Cumas.

231 1517 378 1592 Servius.

280 1631 454 1707 Sallustius
471 1631 577 1704 duces
594 1631 724 1718 laudat,
748 1627 810 1726 qui
829 1627 1058 1700 victorianus
1090 1626 1207 1700 incru-

231 1775 312 1828 ento
329 1751 483 1826 exercitu
509 1753 745 1848 deportarunt.
787 1751 887 1822 Idem

280 1877 384 1949 Cares
412 1871 561 1946 Insulani
580 1869 700 1967 populi
723 1866 878 1957 fuerunt,
905 1867 1082 1964 piraticam
1107 1892 1207 1940 exer-

233 2017 365 2082 centes,
380 1990 605 2082 famos1,yidli
623 1989 793 2078 aMinoe,
807 1987 858 2061 uti
870 1987 1044 2062 Sallustius
1054 1992 1087 2060 ὅτ
1100 1991 1207 2062 Thu-

233 2115 374 2214 cydides
390 2113 543 2184 tradunt.
594 2112 695 2182 Idem.

282 2241 317 2307 A
346 2227 455 2328 Troja
479 2231 595 2326 Capys
622 2227 867 2325 Campaniam,
899 2230 1059 2303 Helenus
1081 2233 1209 2304 Mace-

233 2353 390 2441 doniam,
409 2350 465 2423 alii
483 2348 689 2444 Sardiniam,
708 2347 899 2423 secundum
916 2350 1130 2446 Sallustium,
1155 2371 1211 2425 te-

234 2493 393 2548 nuerunt.
444 2473 546 2545 Idem.
587 2513 591 2521 ,

250 2642 253 2666 .
281 2592 459 2668 Dardania
480 2619 500 2666 a
524 2593 689 2665 Dardano
706 2591 804 2686 Jovis
823 2595 856 2664 δι
873 2592 1020 2664 Elektra
1039 2591 1124 2681 filio,
1149 2613 1215 2666 aut

149 2734 151 2739 ’
233 2716 422 2792 secundum
446 2713 658 2804 Sallustium,
685 2741 705 2786 a
729 2713 832 2786 Mida
848 2713 1095 2786 Dardanorum
1111 2739 1213 2811 rege,

234 2837 295 2934 qui
323 2834 513 2934 Phrygiam
545 2833 666 2906 tenuit.
716 2835 818 2908 Idem.

201 2949 210 2964 ⁸
284 2955 462 3028 Sallustius
485 2956 636 3049 Scyllam
661 2954 784 3026 saxum
800 2955 867 3026 elle
882 2952 980 3041 dicit,
1007 2951 1114 3028 simile
1135 2951 1211 3025 for-

232 3101 299 3149 ma
317 3075 496 3146 celebrata
516 3076 637 3170 procul
655 3073 852 3146 visentibus.
902 3076 1003 3146 Idem.

283 3196 324 3268 ln
341 3191 454 3264 Sicilia
470 3192 518 3264 est
538 3195 748 3285 Enceladus,
768 3195 883 3267 Othus
897 3193 933 3266 in
949 3195 1064 3284 Creta,
1090 3191 1212 3267 secun-

231 3318 319 3390 dum
337 3311 544 3408 Sallustium.
567 3315 644 3388 Ἦ.

169 3478 188 3521 a
283 3433 455 3512 Sallustius
491 3433 552 3522 ait,
593 3432 833 3530 Hispanorum
863 3461 997 3510 morem
1025 3434 1138 3526 fuisse,
1170 3457 1213 3510 ur

85 3621 87 3625 .
165 3530 173 3544 ι
235 3560 332 3633 in***
350 3556 440 3630 bella
457 3553 617 3627 euntibus
626 3551 815 3652 juvenibus
828 3577 1008 3653 parentum
1025 3554 1116 3630 satra
1134 3583 1210 3636 me.

235 3698 413 3757 morentur
440 3701 460 3748 a
485 3674 661 3748 matribus.
712 3676 811 3752 Idem.
