2664 4692
225 322 592 449 anonrnnrn.
642 273 850 396 LrniVI.
999 349 1069 422 239

144 500 165 548 Ἀ
191 500 305 594 ingre,
331 515 425 569 tante
452 490 538 570 setui
564 497 790 583 debacrlttur,
817 471 1007 566 nefandum
1036 497 1072 567 in

97 619 241 690 modum
278 615 438 713 perverso
468 618 609 689 vulnere
643 621 676 688 ἂ
710 614 886 687 interdum
920 616 1072 688 lacerum
1134 661 1136 674 ·

98 730 221 834 corpus
245 736 485 811 semianimum
503 737 713 824 omittentes,
741 735 798 807 alii
820 734 856 806 in
877 737 966 808 tesia
985 732 1072 831 jaci-

99 861 198 930 ebant
218 858 328 956 ignes,
355 858 526 954 multique
544 883 588 930 ex
606 859 684 929 loco
702 855 803 945 servi,
832 881 920 952 quos
939 857 1073 954 ingeni-

100 1005 156 1072 um
171 977 288 1085 sociosf
298 967 418 1066 dabat,
445 979 599 1050 abditaa
623 976 789 1066 dominis,
816 996 875 1080 aut
892 975 982 1074 ipsos
1005 996 1072 1049 tra·
1147 1041 1150 1048 r

99 1101 223 1172 hebant
248 1124 293 1172 ex
317 1100 470 1186 occult0‚
498 1123 611 1196 neque
628 1097 784 1171 sanetum
807 1118 865 1170 aut
883 1097 1073 1171 nefandum

103 1219 293 1317 quicquam
310 1218 375 1290 snit
391 1218 448 1291 irae
464 1221 701 1308 barbarorum,
722 1224 755 1292 &
773 1217 885 1292 servili
902 1217 1069 1318 ingenio:

100 1365 174 1436 quae
200 1342 383 1436 Spartacus
406 1337 574 1434 nequiens
599 1340 794 1436 prohibere,
821 1339 939 1412 multis
964 1337 1073 1436 preci-
1179 1421 1181 1426 ¹

99 1464 161 1534 bus
177 1487 260 1534 cnm
282 1479 410 1556 oraret,
438 1459 609 1532 celeritate
624 1466 723 1511 ἈἈἈἈ
739 1459 889 1532 nuntios.

146 1580 296 1678 Aliquot
318 1579 391 1653 dies
408 1601 527 1679 contra
550 1607 686 1653 morem
706 1579 833 1656 fiducia
851 1581 971 1678 augeri
993 1582 1070 1656 nos·

96 1701 154 1774 tris
176 1701 299 1798 coepit,
328 1705 361 1774 δι
390 1701 504 1798 promi
526 1699 655 1800 lingua.
706 1705 787 1798 Qra
803 1699 963 1773 Varinins
987 1681 1071 1776 ion·
1144 1789 1145 1796 ἵ

97 1843 147 1895 tra
164 1821 349 1920 speetatam
367 1847 440 1894 rern
459 1821 595 1894 incaute
612 1841 727 1894 motus
740 1847 851 1894 novos
864 1821 1073 1918 incognitos-

99 1969 167 2042 que
186 1948 219 2015 ὅτ
240 1941 387 2015 aliorum
404 1945 537 2014 casibus
555 1933 729 2038 purculsos‘
747 1941 883 2031 milites,
910 1943 1006 2015 ducit
1022 1963 1073 2016 ta-

94 2062 180 2140 men
194 2065 246 2166 ad
263 2063 368 2136 castra
384 2061 625 2160 fugitivomm.
677 2063 793 2143 Preffo
813 2063 923 2162 gradu
942 2065 1074 2138 silentes

87 2186 181 2285 jam,
221 2209 333 2280 neque
369 2205 442 2256 tarn
477 2183 665 2286 magnifice
702 2182 871 2258 sumentes
902 2186 1072 2282 praelium,

95 2331 205 2404 quam
223 2305 486 2402 postulaverant.
540 2309 659 2402 Atque
677 2303 727 2376 illi
745 2305 921 2378 certamini
949 2306 1076 2382 conscii

93 2427 183 2501 inter
211 2424 245 2498 se
266 2422 369 2522 juxta
389 2423 593 2497 seditionem
611 2445 721 2496 erant.
771 2425 880 2498 Crixo
905 2432 937 2500 ὅτ
964 2429 1076 2526 gentis

101 2547 255 2648 ejusdem
272 2543 382 2656 Gallis
404 2565 508 2644 atque
525 2545 707 2618 Germanis
730 2547 871 2624 obviam
896 2546 945 2618 ire
967 2553 999 2620 &
1025 2551 1079 2622 ul·
1152 2645 1160 2654 ,-
1192 2621 1195 2630 i

95 2691 150 2744 tro
168 2667 291 2742 offerre
309 2691 467 2766 pugnam
480 2665 702 2764 cupientibus
720 2687 840 2738 contra
858 2669 1074 2762 Spartacum.
