2662 4686
248 381 314 456 166
462 375 1052 450 C.Crt1srrsnr.rusr11

245 553 349 654 partis
379 552 618 628 distribuerat:
645 570 737 624 ratus
766 575 812 624 ex
840 541 1006 624 omnibus
1036 575 1138 650 aque
1165 551 1226 634 ali·

246 702 335 776 quos
364 677 409 748 ab
437 695 537 774 tergo
553 671 710 747 hostibus
728 689 903 746 venturos.
954 672 1099 748 Interim
1119 675 1227 768 Sulla,

248 823 356 896 quem
381 795 533 894 primurn
559 792 769 893 adtigerant,
799 793 999 868 cohortatus
1027 791 1119 884 suos,
1155 813 1228 870 tur·

247 917 371 992 marim
396 922 429 990 δι
464 941 571 1014 quam
589 940 756 990 maxume
773 912 935 1012 confertis
954 912 1052 1013 equis
1066 914 1138 1016 ipse
1154 917 1230 992 alii·

249 1063 318 1137 que
333 1039 481 1110 Mauros
497 1036 691 1110 invadunt:
719 1036 823 1110 ceteri
840 1037 876 1110 in
891 1038 971 1112 loco
987 1056 1169 1114 manentes
1186 1039 1231 1114 ab

242 1157 367 1259 jaculis
384 1157 520 1232 eminus
538 1157 663 1234 emiffis
680 1183 823 1256 corpora
838 1176 970 1257 tegere,
989 1161 1037 1250 &,
1061 1162 1085 1233 fi
1115 1159 1231 1257 quiin

247 1307 371 1356 manus
389 1299 568 1372 venerant,
587 1283 804 1354 obtruncare.
830 1281 929 1356 Dum
946 1302 989 1354 eo
1005 1280 1115 1354 modo
1133 1280 1232 1379 equi·

247 1422 299 1476 res
315 1399 527 1499 praeliantur,
556 1403 715 1476 Bocchus
732 1425 814 1476 cum
831 1399 1022 1499 peditibus,
1052 1427 1141 1500 quos
1157 1403 1231 1476 Vo-

248 1525 312 1596 lux
331 1523 422 1595 filius
438 1521 509 1622 ejus
525 1524 735 1614 adduxerat,
759 1548 875 1622 neque
896 1521 933 1596 in
961 1521 1077 1621 priore
1093 1548 1231 1622 pugna,

247 1642 286 1717 in
303 1643 423 1717 itinere
440 1643 579 1735 morati,
601 1642 794 1736 adfuerant,
819 1644 1028 1742 postremam
1046 1623 1232 1718 Romano-

247 1791 329 1841 rum
346 1765 458 1841 aciem
475 1765 658 1838 invadunt.
708 1767 808 1839 Tum
824 1764 963 1840 Marius
986 1764 1082 1861 apud
1099 1763 1233 1863 primos

247 1891 390 1988 agebat,
417 1888 514 1985 quod
540 1885 589 1961 ibi
612 1888 789 1987 Jugurtha
815 1913 898 1962 cum
920 1884 1085 1984 plurimis.
1136 1887 1234 1962 Dein

247 2009 423 2098 Numida,
438 2009 583 2108 cognito
606 2009 736 2082 Bocchi
752 1987 921 2099 adventu,
935 2009 1026 2082 clam
1038 2031 1122 2080 cum
1141 2033 1233 2104 pau-

249 2129 299 2204 cis
328 2131 373 2202 ad
401 2129 535 2226 pedites
563 2128 762 2204 convortit:
789 2127 838 2202 ibi
861 2127 990 2202 Latine
1018 2131 1119 2225 (nam
1136 2131 1234 2226 apud
1323 2193 1324 2204 .

249 2251 481 2324 Numantiam
499 2250 597 2348 loqui
614 2249 800 2343 didicerat)
825 2249 1025 2322 exclamat:
1056 2250 1233 2326 “nostros

249 2377 279 2414 “
297 2370 417 2446 frustra
434 2395 591 2472 pugnare
606 2401 617 2458 ;
644 2372 762 2468 paullo
778 2389 858 2443 ante
874 2369 1039 2443 Marium
1049 2371 1109 2446 sua
1125 2397 1233 2446 manu

249 2497 279 2535 “
296 2491 571 2580 interfectum;”
594 2495 695 2566 fimul
714 2492 870 2592 gladium
887 2491 1055 2591 sanguine
1079 2492 1234 2568 oblitum

250 2613 444 2706 ostendere,
476 2641 584 2714 quem
611 2615 648 2689 in
678 2641 811 2716 pugna,
837 2611 915 2689 satis
942 2613 1094 2714 impigre
1118 2614 1235 2690 occiso

251 2736 368 2833 pedite
398 2737 530 2828 nostr0,
559 2757 810 2810 cruentaverat.
874 2737 985 2835 Qud
1009 2735 1072 2810 ubi
1106 2735 1234 2810 milites

250 2881 428 2954 accepere,
457 2858 569 2958 magis
592 2858 769 2932 atrocitate
796 2857 859 2950 rei,
886 2885 995 2956 quam
1019 2858 1089 2930 fide
1113 2857 1236 2933 nuncii

250 2994 442 3051 terrentur:
470 2980 642 3077 fimulque
669 2978 803 3054 barbari
830 2978 964 3052 animos
984 2979 1104 3051 tollere
1132 2983 1167 3053 δι
1197 2979 1235 3052 in

250 3096 426 3193 perculsos
459 3098 571 3172 acrius
598 3099 771 3174 incedere.
831 3103 983 3199 Jamque
1007 3100 1167 3198 paullum
1189 3102 1235 3175 ab

250 3215 338 3316 fuga
354 3219 510 3307 aberant,
530 3208 611 3291 cum
627 3221 735 3312 Sulla,
755 3220 960 3320 profligatis,
986 3246 1074 3319 quos
1102 3220 1235 3292 advor-

250 3337 328 3412 sum
355 3337 451 3427 ierat,
478 3339 614 3413 Mauris
641 3342 685 3439 ab
720 3342 825 3415 latere
853 3340 1013 3416 incurrit.
1072 3338 1235 3414 Bocchus

250 3459 367 3534 statim
389 3459 570 3534 avortitur.
621 3465 672 3534 At
699 3465 888 3559 Jugurtha,
918 3464 1007 3535 dum
1047 3457 1234 3534 sustentare

250 3579 328 3654 suos
347 3585 380 3654 dt
398 3607 507 3679 prope
527 3579 604 3679 jam
620 3583 785 3680 adeptam
802 3582 984 3656 victoriam
1000 3579 1145 3655 retinere
1170 3609 1233 3656 cu·

252 3700 318 3798 pit,
348 3703 604 3778 circumventus
632 3695 694 3778 ab·
711 3703 901 3802 equitibus,
932 3705 1070 3793 dextra,
1105 3703 1234 3778 sinistra

132 3866 135 3870 -
251 3824 416 3901 omnibus
433 3823 564 3920 accitis,
588 3822 681 3901 solus
704 3824 793 3903 inter
818 3826 887 3901 tela
900 3823 1053 3901 hostium
1067 3823 1231 3906 vitabun-

1285 3555 1292 3589 l
